2790 4872
721 443 835 543 (3⁰3)
975 439 981 456 ’

272 611 350 699 Hoc
375 627 541 717 peracto,
570 615 647 692 tubi
678 629 792 717 partes
818 615 954 692 hiatum
995 616 1099 698 illurn
1130 597 1255 698 'inter-

267 734 438 837 oipientes
463 739 622 837 sequenti
650 737 785 809 ratione
811 734 1060 836 disponuntur.
1183 783 1187 790 .

341 855 459 930 =Xll.
490 856 576 928 Pars
600 853 744 927 inferior
769 855 950 952 supposito
977 854 1092 954 primo
1132 882 1255 957 gyro,

270 978 360 1052 intra
385 979 484 1074 eujus
498 975 683 1047 'ambitum
710 972 873 1060 ducitur,
894 971 1080 1072 applicata,
1099 975 1261 1074 ejusdem

272 1098 434 1172 exteriori
451 1098 664 1170 convexitati
683 1121 720 1168 se
736 1091 994 1184 accommodat:
1009 1094 1166 1196 adeoque
1183 1123 1264 1171 ver·

273 1241 334 1294 tus
360 1219 520 1290 centrum
543 1217 641 1288 cirea
683 1211 780 1316 qnod
817 1211 959 1285 ducitur
1002 1215 1042 1285 fit
1085 1215 1258 1292 declivis.

273 1336 355 1410 Hoc
381 1358 466 1426 veru
492 1348 653 1408 centrum
679 1333 755 1405 axis
783 1331 931 1406 modioli
959 1347 1035 1420 est,
1071 1339 1131 1432 qui
1181 1363 1261 1411 osse

275 1469 330 1530 exst
353 1455 488 1554 plenus.
520 1454 659 1528 Deinde
686 1457 736 1527 sie
763 1453 941 1554 completo
970 1455 1130 1542 secundo,
1157 1487 1263 1560 gyro,

274 1576 399 1650 eadem
424 1572 626 1666 declivitate
652 1573 838 1662 ascendit,
881 1576 1058 1675 applicata
1100 1580 1263 1660 similiter

277 1703 438 1798 integrae
465 1699 574 1798 priori
600 1695 784 1770 medietati
810 1698 890 1796 gyri
918 1697 1096 1791 secundi,
1125 1699 1168 1783 nd
1196 1727 1259 1773 ee·

275 1823 333 1919 jus
357 1819 616 1892 extremitatem
643 1845 725 1890 cum
760 1818 948 1914 pervenit,
993 1831 1120 1919 nempe
1158 1847 1266 1922 supra

276 1938 396 2014 locum
422 1965 493 2039 quo
518 1937 648 2013 desinit
672 1936 880 2030 modiolus,
907 1953 942 2012 et
969 1933 1267 2037 ipsa'terminatur

281 2059 440 2139 omnino.
466 2057 519 2132 Ita
547 2058 640 2132 eirca
666 2059 804 2160 apicem
830 2059 905 2134 axis
938 2058 1090 2133 modioli
1134 2062 1265 2164 insun-

281 2178 452 2286 dibulrtm
477 2183 519 2256 lit
543 2179 628 2281 (d),
656 2184 756 2280 cujus
782 2177 893 2280 pelvis
919 2182 1128 2276 circularis,
1156 2213 1267 2262 ame·

207 2279 209 2287 Α
278 2299 409 2375 dietate
434 2302 560 2377 ultima
585 2301 733 2376 secundi
760 2303 869 2406 gyri,
896 2285 940 2376 et'
959 2305 1143 2407 semigyro
1186 2333 1268 2406 per·

182 2499 185 2505 ,
285 2421 431 2520 licitur,
459 2421 564 2496 tubus
590 2448 610 2517 a
635 2420 758 2498 centro
783 2422 838 2522 (e)
856 2409 872 2512 ,⁴
905 2420 941 2495 in
967 2448 1040 2523 quo
1082 2424 1271 2502 declivitas

287 2535 349 2610 illa
373 2541 570 2641 convergit.
656 2575 660 2582 ·
965 2541 982 2630 j
1103 2535 1107 2542 ’

291 2713 296 2720 -
385 2656 491 2734 ΧΙΙΙ.
520 2659 608 2735 Pars
632 2661 817 2736 verotubi
843 2667 1000 2762 superior
1025 2665 1139 2765 (qnod
1157 2673 1269 2744 maxi-

142 2778 144 2784 ’
284 2801 343 2852 me
367 2779 548 2882 percipere
565 2783 718 2886 oportet)
733 2809 803 2858 non
821 2784 981 2886 procedit
997 2791 1196 2863 continuata
1224 2817 1272 2867 cx

286 2896 424 2999 reliquo
448 2900 591 3004 integro
617 2906 734 2998 tubo,
762 2906 824 2982 sed
849 2899 949 3008 qnasi
973 2907 1063 2982 tacta
1088 2910 1273 2986 *incisione

288 3015 336 3109 alr
360 3016 486 3128 eodem
511 3039 691 3122 separatur
705 3023 728 3117 ,’
743 3025 923 3128 libereque
939 3033 1041 3128 supra
1059 3029 1200 3130 planam
1220 3048 1273 3104 at-

290 3137 426 3236 tollitur
450 3141 594 3218 seeundi
619 3147 714 3246 gyri.
743 3148 839 3220 Haec
873 3150 909 3220 in
951 3149 1075 3224 orbem
1119 3175 1273 3254 expansa

239 3323 241 3331 ,
296 3285 399 3364 snpra
426 3262 690 3343 infundibulum
715 3269 852 3344 dictum
876 3267 936 3370 (rr
952 3270 987 3371 ι)
1016 3263 1194 3374 capulum
1222 3275 1274 3348 ei·

175 3483 176 3490 ἵ
292 3381 420 3456 format
445 3381 505 3484 (j)
520 3442 530 3476 ‚
547 3413 636 3489 quae
661 3417 849 3484 commune
873 3389 1043 3485 ciclum,
1070 3407 1106 3466 et
1135 3391 1274 3469 medie-

292 3504 355 3575 tati
380 3519 578 3602 postremae
602 3510 778 3603 secundi,
805 3525 841 3585 et
859 3510 986 3586 ultimo
1000 3501 1276 3616 semigyrocon-

294 3625 420 3701 sh'tuit.
444 3625 560 3728 Igitur
584 3630 758 3707 secundus
780 3659 917 3735 gyrus,
944 3633 1006 3707 nbi
1026 3635 1200 3712 modiolus
1215 3636 1276 3710 de·

341 3909 390 4002 (d)
413 3909 496 3982 Τὼ·
524 3939 555 3982 1·
578 3915 631 4007 fir·
656 3939 688 4008 7·
803 3917 846 4007 (s)
872 3915 955 3992 Tab-
986 3939 1016 3986 1·
1039 3917 1093 4010 ta·
1117 3915 1151 3984 ³·
1174 3940 1207 4006 a

340 4021 387 4114 (a)
409 4019 487 4092 thu
513 4045 553 4092 c...
606 4107 609 4114 ,
