2756 4874
712 483 715 488 ·
752 445 832 536 (⁸4
851 452 868 540 'l

303 645 385 696 eam
407 616 597 710 meditatus
622 627 691 702 est,
720 629 755 686 et
780 628 962 691 assecutus
986 612 1060 716 (t)
1088 613 1129 690 lo
1149 616 1302 695 calvaria

301 764 458 838 namque
484 736 574 808 fetus
600 733 698 806 idern
724 760 841 823 sane,
868 736 935 807 nisi
950 734 1070 826 lallor,
1097 734 1205 812 fuisse
1221 769 1302 814 mo·

301 857 405 932 litum
431 857 675 931 Clarissimum
701 857 761 934 Du
778 854 998 956 Verneyum,
1018 859 1180 933 exieooa
1196 863 1298 938 Actis

302 979 476 1055 Parisinis
500 978 632 1049 inserta
660 974 806 1050 memini
834 973 1029 1066 didicisse;
1059 981 1123 1053 etsi
1165 977 1296 1053 dolen·

299 1116 356 1176 ter
380 1098 480 1172 locus
517 1097 690 1172 memoria
733 1093 888 1170 excidit.
918 1095 994 1171 Nos
1028 1097 1108 1174 ideo
1150 1105 1217 1175 etsi
1243 1129 1302 1176 so·

296 1219 374 1298 lum
398 1217 643 1321 labyrinthum
670 1216 714 1288 ob
740 1242 819 1289 osse
845 1229 1043 1294 extractum
1080 1227 1228 1326 proprio
1255 1226 1294 1300 in

298 1342 368 1416 situ
395 1337 663 1441 depingendum
689 1361 785 1408 nunc
819 1337 1019 1412 curavimus
1056 1341 1155 1442 (l),
1183 1343 1288 1416 brevi

295 1473 416 1534 tamen
441 1457 684 1547 conabimur,
712 1454 965 1549 utilissimam,
990 1457 1169 1564 longeque
1195 1489 1297 1563 prae-

294 1591 450 1652 stantem
476 1579 586 1650 cranii
612 1577 738 1666 basis,
783 1589 861 1649 tum
898 1575 1017 1668 letus,
1060 1607 1143 1655 cum
1180 1582 1295 1658 adulti

295 1699 441 1772 iconem
466 1697 566 1788 dare,
594 1699 633 1770 iu
658 1722 727 1798 qua
753 1695 892 1768 canales
909 1699 1292 1786 semicircularescum

293 1818 440 1894 cochlea
466 1817 729 1904 sanitatem,
757 1841 828 1916 quo
855 1816 1011 1893 adhaec
1047 1847 1142 1896 sacra
1181 1849 1293 1924 pene-

294 1955 389 2016 trare
414 1941 625 2016 conantibus
651 1938 789 2013 facilior
814 1963 973 2018 accessus
999 1945 1234 2044 proponatur.

393 2063 495 2139 LIV.
523 2065 605 2136 Duo
648 2061 832 2136 tamenin
866 2059 959 2154 bis,
1003 2090 1093 2165 quae
1118 2065 1292 2142 hactenus

289 2185 543 2285 proposuimus
567 2181 614 2256 de
639 2181 837 2284 labyrinthi
877 2186 1034 2286 partium
1060 2186 1209 2279 officio,
1254 2205 1290 2264 et

288 2303 455 2378 audiendi
479 2307 641 2395 ratione,
669 2302 837 2378 videntur
862 2303 1058 2379 enodanda.
1087 2307 1284 2404 Primum,

289 2425 351 2524 qui
377 2423 455 2496 lieri
481 2425 618 2522 possit,
645 2434 685 2496 ut
710 2449 794 2496 cum
818 2424 955 2525 integra
995 2425 1190 2528 labyrinthi
1225 2459 1286 2504 ca·

287 2549 380 2620 vitas
405 2543 554 2621 humore
581 2543 786 2642 plenissima
811 2545 856 2617 sit
881 2542 1014 2643 (xxix
1029 2552 1073 2645 ),
1116 2558 1152 2618 et
1178 2573 1286 2648 pene-

285 2679 380 2740 trare
400 2663 436 2736 io
463 2662 679 2738 vestibulum
721 2676 837 2762 stapes
862 2661 1045 2765 (xxxv),
1089 2680 1125 2739 et
1149 2664 1283 2744 humor

284 2783 322 2855 in
347 2783 512 2858 anteriori
539 2781 706 2858 vestibuli
732 2785 885 2858 cavitate
908 2772 1114 2875 contentus,
1142 2812 1207 2888 per
1225 2817 1284 2864 ca·

166 2925 168 2930 ·
283 2901 404 2978 nalem
429 2901 730 2978 semicirculorum
756 2913 941 2978 externum
964 2907 1003 2978 'iu
1040 2909 1281 3004 posteriorem

288 3029 482 3103 cavitatem
508 3028 617 3128 possit
643 3025 796 3100 derivari
821 3025 993 3125 (xxxix,
1022 3027 1157 3127 xstr)?
1184 3027 1282 3104 Nan

104 3233 107 3244 ¹
168 3141 171 3146 ’
283 3148 313 3221 si
340 3144 445 3246 plena
470 3143 620 3221 humore
645 3159 728 3218 sunt
753 3147 901 3234 omnia,
940 3145 1102 3248 stapedis
1137 3151 1281 3252 ingres·

280 3294 339 3348 aus
365 3284 425 3344 aut
448 3267 693 3370 impedietur,
721 3281 781 3342 aut
803 3294 1005 3368 compresso
1021 3267 1170 3344 humore
1196 3274 1274 3366 fleu

280 3415 434 3494 quorum
460 3393 617 3491 primum
643 3388 771 3466 lalsnm
798 3403 850 3464 ost
876 3390 1095 3491 (xxxix),
1122 3391 1278 3474 alterum

279 3511 514 3617 impossibile,
543 3513 701 3588 sienim
728 3515 920 3604 maximae,
947 3537 1017 3612 qua
1043 3509 1090 3586 ad
1115 3517 1275 3614 compri-

274 3631 447 3710 mendam
472 3633 641 3710 vestibuli
665 3659 794 3733 aquam
818 3657 908 3734 opus
935 3646 1040 3724 esset,
1068 3643 1185 3736 stapes
1195 3661 1276 3712 om·

276 3756 363 3832 nino
388 3754 540 3831 idoneus
566 3783 636 3831 non
665 3767 731 3830 est.
760 3754 801 3829 si
827 3781 909 3856 pars
931 3755 1091 3835 humoris
1107 3757 1146 3832 iu
1173 3771 1277 3834 ante·

682 3905 865 3950 im
958 3935 960 3942 ⁴

315 4025 375 4134 (a)
396 4022 755 4122 spiramentum.
801 4024 841 4114 (r)
861 3997 949 4095 'ran
978 4026 1131 4120 1.sg.2.
