2790 4872
715 489 818 592 (¹)

266 652 391 722 comico
423 649 540 746 magni
569 646 821 722 Ineurabilium
853 646 1068 740 Nosocanrii,
1106 647 1255 726 astream

265 791 363 836 suam
386 766 600 852 orationem,
626 762 738 834 italice
772 765 1025 859 conscriptam,
1064 764 1246 856 recitavit,

264 882 323 953 oui
347 879 492 950 titulus:
507 881 622 950 Dello
638 879 779 973 Spiritu
789 880 894 950 'della
909 879 1105 967 Medicina
1118 906 1129 952 t
1143 879 1243 956 hunc

264 993 453 1086 repositum
476 991 655 1064 ostendens
679 993 717 1064 in
731 991 827 1062 sactis
850 1013 1009 1066 accurato
1022 997 1161 1094 acrique
1183 997 1245 1094 ju-

261 1104 354 1175 dicio
377 1107 561 1210 congestis:
596 1129 702 1203 quam
737 1105 857 1178 eodem
891 1133 983 1180 anno
1014 1113 1106 1210 typis
1138 1111 1262 1184 dedit..

264 1217 434 1290 Sexennio
450 1218 581 1315 'deinde
594 1218 877 1317 post-praelectus
892 1240 933 1294 ut
943 1225 1129 1298 orationem
1140 1226 1250 1300 inam

264 1333 419 1430 guralem
444 1336 481 1404 in
505 1333 612 1430 Regia
646 1331 851 1406 Studiorum
874 1335 1106 1412 Universitate
1136 1337 1252 1412 habe.

266 1469 337 1541 ret3
363 1473 523 1543 magnam
547 1447 612 1518 sibi
635 1473 677 1518 ex
700 1473 739 1520 ea
761 1446 900 1520 laudem
910 1453 1128 1546 comparavit,
1138 1455 1249 1548 posito

266 1559 438 1656 themate,
453 1563 519 1632 De
542 1563 768 1633 Animorum
792 1564 847 1632 ad
868 1569 1048 1658 optimam
1071 1568 1247 1661 discipli-

265 1702 356 1749 nam
363 1662 670 1774 praeparatione:
685 1675 782 1774 quod
793 1698 921 1769 ornate,
927 1679 1132 1778 disertoque,
1148 1685 1247 1782 opti·

265 1794 401 1890 misque
424 1793 613 1868 rationibus
636 1794 820 1869 illustravit.

362 1905 523 1980 Proximo
546 1936 636 1984 anno
660 1933 765 2010 1779,
792 1938 905 2008 quum
928 1909 958 1981 F
958 1910 1168 1982 ordinandus
1183 1911 1248 1984 IV.

265 2017 459 2092 Siciliarum
484 2023 570 2110 Rex,
596 2025 640 2094 ad
664 2025 894 2121 promovenda
916 2010 1012 2122 apud
1035 2048 1096 2096 nos
1119 2027 1249 2121 optima

255 2137 403 2225 studia,
427 2135 676 2226 Scientiarum,
700 2137 914 2227 cruditionis,
940 2158 974 2208 et
997 2137 1166 2210 bonarum
1188 2164 1251 2206 ar-

268 2256 359 2324 tium
400 2251 620 2323 Academiam
654 2251 906 2349 neapolitanam
930 2254 1183 2343 constituisset3
1212 2254 1250 2322 in

265 2369 417 2465 optimis,
427 2368 557 2464 quibus
572 2368 645 2462 ipsa
655 2385 930 2464 componeretur,
946 2368 1036 2455 viris,
1047 2368 1167 2439 merito
1177 2364 1248 2437 Co-

265 2484 432 2552 tunnium
457 2501 612 2552 nostrum
635 2482 800 2553 evocavit:
816 2482 892 2576 qui,
918 2501 959 2550 ut
972 2507 1070 2552 suam
1081 2481 1249 2552 conferret

195 2579 197 2585 ,
265 2597 480 2696 symbolam,
504 2621 594 2665 anno
620 2593 724 2689 1782,
750 2615 883 2690 partem
912 2598 1061 2690 primam
1083 2595 1249 2691 produxit

263 2713 505 2784 dissertationis
529 2713 585 2782 cui
611 2711 757 2782 titulus:
783 2713 1037 2782 Meocanismo
1063 2713 1126 2782 del
1145 2726 1244 2782 moto

265 2833 450 2921 reciproco
476 2828 539 2896 del
559 2851 702 2919 sangae
717 2852 792 2920 per
814 2829 848 2896 le
873 2830 1017 2898 interne
1051 2853 1149 2898 vene.
1182 2829 1250 2896 del

266 2966 386 3036 capo:
414 2966 502 3038 quae
527 2967 545 3010 a
569 2939 780 3024 doctisviris
803 2940 947 3013 Senatus
970 2941 1153 3012 academici
1182 2942 1250 3013 ad-

267 3055 422 3152 probata,
450 3056 486 3122 in
510 3054 623 3149 primo
647 3052 822 3125 volumine
846 3052 1027 3141 Actorum,
1052 3051 1248 3147 ann01784

266 3173 357 3242 edita
372 3173 540 3269 adparuit.
552 3167 698 3238 Utinam
722 3191 800 3240 vcro
816 3187 1022 3261 temporum,
1034 3166 1255 3239 Academiae-

267 3309 336 3380 que
348 3284 604 3370 vicissitudines,
615 3306 699 3378 quas
721 3276 781 3348 hic
790 3279 990 3348 enumerare
998 3303 1068 3348 non
1077 3299 1182 3368 vacat,
1196 3275 1266 3350 illi'

175 3439 180 3452 ·
269 3399 423 3471 sivissent
445 3418 579 3492 partem
603 3397 685 3466 item
709 3392 850 3462 alteram
859 3387 964 3486 hujus
973 3395 1167 3487 argumenti
1176 3413 1252 3489 pu-

193 3495 194 3498 Ἴ
270 3510 353 3580 blici
377 3510 460 3606 juris
484 3509 607 3580 facere!
633 3507 684 3578 Ea
707 3503 866 3578 videlicet
890 3501 1005 3574 adhuc
1029 3505 1250 3595 desideratur,

240 3646 244 3655 ·
271 3650 335 3696 nec
358 3645 490 3696 certum
515 3646 565 3696 cst
588 3649 632 3694 an
656 3624 745 3696 inter
768 3624 840 3719 ejus
863 3624 989 3718 scripta
1003 3621 1140 3702 ,inedita
1164 3622 1253 3692 deli-

272 3760 384 3812 tescat.
409 3741 457 3812 Et
480 3739 546 3812 hoc
569 3740 688 3812 eodem
711 3765 801 3812 anno
826 3736 1025 3834 1784,dam
1035 3760 1168 3830 semper
1183 3764 1252 3810 no-

272 3877 325 3941 va,
352 3878 414 3949 per
438 3854 675 3954 dissectioncm
690 3850 894 3923 animalium
908 3837 1098 3922 viventium
1112 3899 1122 3936 ‚
1134 3850 1252 3946 inqui-

188 4029 190 4034 ,
272 3988 381 4063 reret,
406 3968 661 4040 electricitatem
684 3966 865 4040 animalem
888 3964 1022 4060 primus
1056 3962 1184 4038 detexit
1215 3967 1255 4041 ia
