2756 4874
78 657 210 734 irumor
234 658 272 734 io
297 661 461 739 eamdem
484 659 603 735 redeat
620 660 843 766 ,pristinum¹
876 655 916 736 in
938 649 1070 738 'eitum'

82 797 225 882 septum
250 785 386 860 restitui
413 796 541 884 potest.
960 825 965 838 ·
1013 830 1018 838 ·
1057 797 1084 842 τί

185 902 307 978 XLII.
336 903 483 1006 Duplici
507 899 633 974 debuit
658 923 745 1000 ergo
769 933 897 983 mu„
916 902 1069 976 neeessi·

83 1021 147 1094 teti
174 1027 400 1124 pmspicere;
427 1021 522 1096 sacili
548 1045 675 1120 nempe
697 1024 838 1100 nervosi
864 1023 957 1122 septi·
970 1021 1078 1096 indi-t

83 1144 219 1218 notioni
244 1148 280 1218 iu
307 1147 497 1219 cavitatem
524 1143 766 1236 anteriorem,
796 1143 949 1219 etfacit
982 1143 1083 1242 ejus·¹
1119 1233 1123 1238 Ι

85 1263 170 1338 dem
196 1249 425 1338 restitutioni
445 1264 482 1336 in
518 1263 708 1364 pristinum
746 1265 853 1338 situm
885 1261 993 1362 (xt):
1035 1259 1082 1331 in'

85 1409 179 1484 quae
203 1381 277 1456 duo
302 1381 417 1456 omnis
443 1393 599 1456 versetur
622 1383 716 1480 tepti
741 1381 850 1472 ectio,
868 1394 904 1454 et
930 1377 1077 1452 settene

86 1506 123 1577 di
149 1503 313 1578 frontus.
331 1501 573 1594 Quamobrem
588 1525 720 1602 magno
734 1527 799 1576 nec
816 1504 901 1576 sutis
915 1523 1078 1601 unquam

88 1623 302 1700 admirando
325 1625 509 1714 artificio,
539 1622 588 1698 ito
613 1620 756 1698 euneles
790 1623 870 1696 iiius
903 1621 994 1696 duos
1028 1615 1080 1693 ab
1223 1685 1225 1692 .

89 1745 254 1818 anteriori
280 1747 432 1818 caritate
457 1755 556 1817 ortos
590 1741 808 1834 cottocrvit,
848 1747 897 1817 itu
935 1755 1083 1842 septuns

89 1865 289 1970 disposuit,
317 1877 358 1941 ut
382 1867 474 1940 mire
496 1864 535 1938 in
560 1866 773 1940 successivos
797 1866 885 1938 istm
919 1863 1083 1940 notiones

90 1990 311 2089 conspirent.
336 1985 375 2062 Is
396 2009 550 2088 nomque
575 1989 661 2061 situs
686 1988 778 2085 septi
803 1997 889 2076 eet,
934 1999 972 2059 ut
1003 1983 1079 2084 pt·-

89 2133 176 2182 num
203 2107 410 2182 inclinatum
437 2107 613 2179 exteriora
638 2131 759 2182 versus
784 2103 944 2194 efficiet,
975 2109 1083 2203 cujus

91 2231 177 2305 finis
202 2244 310 2332 utque
334 2225 517 2305 tendentia
544 2227 658 2301 estin
684 2227 830 2298 orificio
841 2226 1006 2298 anteriori
1023 2249 1080 2296 ca*

90 2350 183 2424 nelis
209 2350 345 2424 externi
369 2346 471 2448 (rx).
498 2345 662 2447 Cumque
685 2345 786 2418 idem
812 2345 942 2418 eunetis
969 2355 1085 2419 exter·

92 2497 160 2545 nus
184 2470 378 2569 posteriore
403 2489 524 2544 versus
550 2468 595 2540 sit
619 2463 770 2539 declivis
788 2463 872 2560 (tx)
889 2519 901 2554 ,
920 2465 1084 2566 septice-

92 2588 254 2688 nolisque
282 2605 390 2662 unam
406 2587 716 2687 continuatumque
727 2583 968 2658 declivitatem
983 2609 1086 2672 esse,

93 2707 199 2782 focile
223 2721 381 2808 apparet.
423 2703 551 2778 Omnis
591 2705 700 2806 igitur
732 2701 861 2778 hurum
902 2703 1087 2779 anterioris

95 2851 257 2916 mveee,
286 2837 389 2926 septo
413 2823 501 2898 dnm
524 2823 726 2916 incumbit,
755 2845 818 2922 per
843 2821 921 2898 lroc.
937 2823 1086 2925 plenum

94 2947 308 3022 inclinatum
333 2973 353 3020 e
379 2961 510 3048 septo,
539 2944 722 3047 cenoliqne
760 2943 926 3037 fuctum,
962 2969 1085 3020 versut

95 3091 243 3146 meeum
270 3068 505 3166 posteriorem
530 3063 644 3140 tendit
665 3091 676 3138 e
703 3067 741 3138 in
765 3089 873 3166 quem
898 3065 1088 3138 cavitatem

95 3200 194 3261 totns
220 3185 324 3259 focile
349 3185 606 3274 descenderet,
640 3183 705 3256 nisi
733 3182 821 3256 baec
847 3183 894 3254 ite
919 3181 1088 3282 implerer

96 3319 154 3378 tur
182 3306 333 3380 humore
358 3302 525 3405 (xxix),
556 3303 646 3378 ultro
671 3315 711 3376 ut
734 3327 859 3402 cepere
877 3327 945 3376 non
963 3305 1086 3404 possit.

99 3423 256 3518 Quando
281 3422 365 3504 tero
391 3438 509 3526 stapes
530 3425 736 3528 posterioris
756 3422 924 3500 vestibuli
960 3423 1092 3499 curita-

98 3545 364 3621 tnrhumorem
388 3559 512 3621 eontra
552 3559 694 3649 septum
734 3544 913 3646 impetiit,
958 3543 1089 3619 tumor

99 3665 287 3758 xnteriorip
313 3665 473 3742 caritatis
500 3663 655 3766 perluor
694 3663 840 3766 plenum
877 3666 1090 3740 inclinatum

101 3785 149 3860 de
175 3809 215 3860 se
239 3797 381 3862 tontum
406 3786 563 3860 excernit
597 3789 633 3862 in
675 3812 818 3862 euveum
859 3785 1091 3886 posteriorem
1125 3829 1130 3840 ι

101 3905 219 4007 (xv),
244 3921 419 4008 quantum
442 3903 605 4008 adrepti
631 3906 900 3990 convexitatem.
919 3899 1093 4001 occipien-
