2790 4872
524 453 647 546 (at)

94 613 183 688 sinit
207 627 345 690 resecto
370 619 532 720 margine
557 615 718 720 gaudet,
754 618 817 720 qni
852 621 890 692 in
931 621 1089 701 intund-

104 734 194 808 bulo
220 737 431 836 conspicuus
456 755 521 812 est.
550 740 592 812 ln
619 741 689 814 hoc
713 741 872 842 margine
888 745 1087 846 semigyrue

101 857 301 930 arctissime
327 856 520 958 applicatus
547 861 655 933 finem
682 859 790 932 habet
814 859 941 961 (xri).
984 867 1089 938 Patet

95 978 215 1068 inde,
245 978 378 1078 pelvim
403 978 642 1070 infundibuli,
669 981 840 1056 circulum
866 1009 937 1056 non
974 987 1089 1058 conh-

102 1109 253 1169 nuatum
279 1121 383 1188 esse,
413 1097 473 1170 sed
513 1099 776 1200 interruptum
820 1125 891 1174 uno
928 1117 1090 1178 extremo

100 1212 271 1287 deorsum
297 1239 380 1289 cum
405 1214 563 1290 inferiori
588 1223 721 1316 pariete
747 1221 893 1294 secundi
911 1226 991 1324 gyri
1007 1249 1093 1298 con·

97 1335 234 1424 tinuo,
261 1335 370 1408 altero
397 1361 535 1410 sursum
562 1337 596 1412 in
623 1341 783 1440 margine
806 1344 948 1441 parietis
986 1367 1091 1443 supe·

107 1457 215 1528 rionis
242 1453 402 1555 ejusdem
428 1461 510 1560 gyri
535 1455 721 1534 desinente
746 1459 818 1561 (g)

205 1576 313 1652 XIV.
343 1576 407 1655 Est
432 1591 551 1652 tamen
576 1581 614 1652 iu
639 1605 727 1654 cavo
754 1581 831 1655 tubi
841 1581 1023 1660 cochleam
1038 1584 1089 1660 l'a-

105 1697 230 1774 cientis
255 1713 393 1799 septum
419 1695 620 1800 quoddam,
647 1703 685 1776 in
711 1699 799 1776 ditae
824 1717 940 1802 partes
965 1731 1090 1780 secun·-

104 1815 195 1892 dnm
230 1817 518 1921 longitudinem,
546 1815 591 1890 ab
617 1819 757 1920 origine
781 1821 827 1894 ad
853 1823 961 1896 linem
987 1823 1090 1896 illum

102 1939 329 2014 descernere.
358 1939 483 2012 Oritur
508 1938 575 2014 hoc
600 1967 620 2013 a
645 1941 864 2016 medietato
905 1945 1089 2018 intervallo

105 2060 295 2134 amborum
322 2057 565 2151 foraminum,
591 2085 612 2134 a
640 2060 768 2160 quihus
793 2060 937 2135 cochlea
964 2066 1091 2163 incipit

104 2181 191 2281 (x),
218 2179 316 2282 quod
340 2177 508 2255 vestibuli
534 2182 739 2280 pauimento
764 2182 1019 2274 continuatur,
1055 2197 1091 2259 st

103 2303 179 2376 lere
207 2302 254 2377 ad
280 2305 322 2400 'ln
349 2301 461 2375 lineae
486 2315 602 2402 partes
625 2325 848 2408 expansum,
876 2301 921 2375 ad
946 2329 1093 2402 parvam

101 2421 308 2496 distantiam
334 2449 353 2496 a
380 2424 560 2498 communi
587 2445 709 2496 eorum
735 2422 869 2495 fornice
893 2422 952 2524 (r)
994 2422 1089 2500 desi·

19 2593 22 2602 ·
101 2547 172 2619 nit.
200 2545 243 2616 In
268 2543 334 2617 hac
361 2545 499 2644 origine
525 2543 689 2618 deorsum
713 2543 902 2618 incurvum
920 2557 972 2618 est
988 2599 1000 2636 ,
1019 2547 1089 2620 ibi·

100 2691 172 2762 qne
197 2664 354 2739 maxime
380 2663 581 2756 elevatum,
610 2687 680 2765 qno
709 2659 873 2736 cochleae
910 2661 1016 2736 tubas
1052 2663 1090 2736 in

97 2785 241 2885 origine
268 2785 332 2858 ista
358 2783 398 2857 fit
424 2784 549 2858 elatior
575 2783 676 2882 (xi).
703 2779 792 2853 Inde
817 2795 1003 2881 septumo
1036 2797 1092 2856 to-

102 2919 138 2978 ta
164 2904 316 2979 modioli
341 2903 561 3006 longitudine
588 2903 771 3002 emergit,
799 2926 868 2976 non
895 2901 941 2974 ad
981 2929 1093 3002 angu-

99 3023 156 3098 los
183 3049 324 3126 semper
347 3039 460 3098 rectos
476 3043 491 3114 ,¹
514 3021 577 3096 sed
593 3020 637 3095 ad
653 3023 818 3096 obtusum
836 3021 1091 3122 aliquantulum

102 3147 306 3246 posterius,
334 3145 380 3218 ad
405 3156 549 3218 acutum
574 3168 678 3244 saepe
712 3145 867 3217 anterius
908 3143 1100 3246 angulum

101 3268 195 3344 Nam
225 3281 362 3342 servato
387 3266 551 3340 cochleae
577 3267 694 3367 positu
719 3265 777 3365 (x)
803 3277 941 3364 septum
958 3262 1095 3338 totale·

96 3386 254 3460 titudine
279 3413 340 3461 sua
366 3383 533 3462 verticale
558 3399 622 3458 est.
636 3384 717 3458 Hoc
741 3407 813 3476 quo
840 3384 991 3456 vicinius
1015 3408 1092 3456 mo·

103 3507 190 3582 dioli
218 3508 370 3582 termino
396 3531 438 3578 eo
466 3509 617 3597 arctius,
646 3517 681 3578 et
706 3503 770 3576 ubi
794 3504 954 3604 primum
978 3529 1092 3578 amo-

103 3630 197 3704 diolo
225 3631 311 3720 exit,
338 3628 513 3732 rigidius,
531 3645 567 3702 et
592 3629 734 3727 opacius
761 3641 827 3718 cst,
842 3626 925 3699 inde
950 3625 1089 3699 tenuius

102 3753 152 3842 ht,
174 3749 339 3842 albidius,
354 3764 459 3852 atque
473 3751 659 3839 clasticius3
676 3775 759 3824 nam
783 3749 956 3852 pressioni
973 3745 1091 3846 cedit,

150 3977 208 4072 ts)
231 3973 317 4050 ru.
344 3977 438 4072 ¹·fls·
464 4001 496 4070 7·
521 3979 554 4048 ‹¹-
645 3995 649 4006 ·
