2760 4874
526 464 663 563 (¹9⁵)

94 663 209 733 vera,
237 647 315 714 tnm
339 632 499 726 stubssis,
525 651 577 713 est
616 633 778 713 habenda
805 689 817 734 ,
843 652 926 718 eunt
960 645 1074 722 'virtut

28 761 30 768 '
93 761 194 834 illum
219 759 383 860 peperit,
413 772 447 834 et
489 759 601 835 virtus
625 756 698 858 ipsa
737 771 878 838 tuetur.
906 763 1078 844 Miserum

93 893 245 970 antem,
270 891 307 950 et
326 903 514 954 commune
538 875 741 978 perfugium
764 877 811 952 nd
834 880 992 958 fortunae
1024 887 1077 960 iu·

92 999 243 1098 genium
269 1007 500 1086 ostentum,
528 997 589 1098 qni
613 1021 718 1074 verae
748 999 889 1078 virtutis
928 1006 1075 1084 minime

101 1116 320 1218 participes,
345 1107 529 1192 honesturn
552 1114 695 1218 aliquod
719 1143 850 1196 nomen
874 1139 1075 1224 quaerunt,

94 1265 168 1338 quo
195 1236 254 1312 vel
278 1236 453 1312 desidiam
478 1248 627 1336 tegunt,
653 1237 712 1315 vel
748 1241 859 1314 unimi
898 1243 1078 1336 morbos,

93 1357 229 1460 quibus
253 1368 364 1432 certas
389 1355 455 1430 sihi
480 1356 639 1432 miserius
663 1373 909 1460 compararunt
935 1414 946 1435 .
982 1361 1078 1438 Nam

92 1479 298 1580 exemplum
339 1491 392 1551 est
428 1477 546 1552 hercle
587 1477 726 1552 nullum
760 1505 893 1574 verae,
933 1481 1080 1559 solidae·

94 1625 198 1703 que,
226 1615 261 1674 et
285 1597 390 1674 simul
416 1596 567 1672 infelicis
591 1599 806 1700 sapientiae:
845 1615 882 1676 et
923 1605 1080 1705 speciosa

98 1719 194 1811 ista,
221 1741 312 1819 quoe
337 1715 465 1816 passim
492 1716 637 1816 proferri
663 1718 804 1792 nomina
844 1719 983 1816 solent,
1017 1723 1082 1799 tto·

99 1839 241 1914 minum
267 1851 377 1929 suot,
404 1838 465 1940 qni
491 1835 549 1914 vel
584 1839 620 1910 in
660 1840 758 1914 vanis
796 1843 928 1919 artibus
968 1847 1081 1923 vitam

100 1961 301 2034 miserrime
326 1955 571 2032 contriverunt
597 2013 608 2047 ,
635 1958 696 2033 nel
720 1961 858 2060 magnis
897 1963 1007 2037 animi
1032 1967 1086 2040 vi·

99 2082 158 2152 tiis
183 2078 412 2152 laborarunt.
440 2075 561 2150 Isthuc
585 2089 638 2148 est
662 2101 797 2174 sapere,
823 2081 966 2179 ingenio
999 2085 1081 2183 qni-

99 2200 184 2274 dem
209 2197 350 2288 volere,
380 2195 443 2271 aed
467 2194 630 2270 moribus
656 2196 795 2294 magist
821 2193 908 2270 hnee
944 2199 973 2272 si
997 2225 1084 2273 cou-

102 2319 285 2409 sentiant,
310 2316 369 2392 uel
395 2339 539 2389 omnem
567 2337 723 2412 provoco
747 2315 948 2390 attributam
975 2317 1083 2393 fortu-

98 2465 163 2512 nae
189 2439 382 2540 potentium
407 2437 453 2510 ud
496 2433 696 2508 nocendum
736 2436 895 2536 sapienti.
924 2437 1003 2514 Non
1028 2467 1087 2514 ca-

99 2559 155 2632 dit
178 2561 215 2632 in
249 2557 440 2658 sapientem
471 2557 597 2654 injuria
621 2579 630 2625 ε
656 2579 761 2628 omne
785 2554 947 2628 fortunae
973 2557 1086 2657 impa-

105 2682 202 2754 rium
228 2679 313 2753 citru
342 2676 531 2777 sapientiae
554 2673 724 2784 ditionem
746 2689 831 2751 est.
858 2677 927 2752 Hie
960 2704 1082 2754 nrnrua

105 2825 237 2876 aeneus
266 2809 371 2889 esto,
396 2796 495 2872 utilia
523 2800 640 2886 scire,
667 2795 813 2872 honesta
838 2800 966 2900 sequi.
992 2799 1084 2875 Nam

101 2922 277 3023 snpientia
299 2917 491 2994 utilitatem
518 2918 649 3020 ubique
682 2931 845 3018 spectat,
870 2945 961 3020 qnae
985 2945 1086 2998 num-
1194 2913 1198 2933 '

105 3041 286 3142 quamsit
314 3038 359 3112 ub
384 3038 569 3112 honestate
594 3043 779 3138 sejuncto.

104 3310 131 3350 ε)
156 3277 319 3356 Nullum
335 3299 472 3350 numen
489 3272 597 3350 obest
613 3283 648 3350 εἰ
660 3283 710 3352 sit
724 3280 951 3378 prudentin3
965 3287 1037 3364 sed
1049 3305 1088 3364 te

104 3431 132 3468 a>
159 3397 245 3476 Nos
278 3393 450 3489 facimus
476 3393 648 3498 fortuna
689 3402 858 3495 Deam,
899 3403 1090 3510 caeloque

209 3520 406 3595 locamus.

158 3677 256 3753 Dixi.
