2756 4874
509 477 693 576 tur),

100 635 199 704 nime
222 643 439 731 praeteream
466 633 829 731 experimentum,
856 661 945 734 quac
964 635 991 710 si
1017 637 1085 710 mi·

102 779 170 824 nus
195 751 239 823 ad
266 751 376 844 hane,
404 753 449 826 de
475 745 543 854 qua
570 755 678 827 medo
703 755 913 846 scribimus,
941 782 1015 828 rem
1031 757 1085 830 di·

102 871 328 946 lucidandum
359 863 530 972 pertinere
571 873 806 962 videbuntur,
849 901 921 947 non
962 899 1087 976 parum

106 999 227 1059 tamen
254 987 299 1062 ad
324 1017 393 1077 ca,
421 1015 510 1089 quae
537 993 695 1088 superius
711 993 973 1092 proposuimus,
1002 1019 1086 1066 cou-

102 1108 303 1198 firmanda,
331 1109 421 1184 lucis
446 1125 610 1208 pererrant
635 1111 788 1184 afferre.
816 1113 921 1202 Quod
960 1137 1087 1212 nech

12 1222 15 1236 '
103 1225 236 1320 injecto
263 1253 326 1325 per
353 1229 611 1328 aquaeductum
634 1229 796 1302 cochleae
813 1233 1006 1322 mercurio,
1024 1233 1087 1306 uhi

103 1342 163 1414 hic
206 1343 444 1442 labyrinthum
489 1349 708 1443 penetravit,
754 1365 789 1421 et
828 1350 940 1424 attolli
976 1365 1087 1451 stapes

106 1464 321 1563 (xxxvi),
347 1483 382 1538 et
407 1470 532 1564 pallui
558 1466 708 1543 humore
745 1471 967 1544 membranae
994 1475 1089 1547 cavi-

105 1597 162 1656 tas
186 1585 351 1696 vestibuli
377 1587 614 1687 aquaeductus
647 1587 873 1664 observatur.
901 1588 1088 1664 Per'huuc
1146 1589 1148 1594 ’

106 1690 388 1778 vero‘vesnbuti
415 1706 675 1804 aquaeductum
703 1711 731 1780 si
769 1711 961 1780 mercurius
997 1711 1087 1808 inje-

107 1839 187 1900 ctus
213 1841 295 1913 cst,
323 1825 479 1923 dumque
520 1826 698 1926 injicitur,
740 1829 833 1902 oculi
882 1833 918 1902 iu
962 1855 1090 1904 cavuru

107 1949 345 2049 aquaeductus
371 1947 533 2022 cochleae
560 1950 803 2046 prospiciunt,
841 1977 909 2022 nou
945 1977 1089 2048 parrana

108 2065 269 2141 humoris
297 2068 371 2140 viru
400 2094 461 2164 per
488 2068 580 2140 laune
605 2068 817 2138 descendere
843 2067 948 2140 illico
982 2095 1090 2166 appa·

108 2203 176 2261 ret.
206 2191 306 2279 Quae
332 2190 403 2258 duo
429 2203 462 2258 et
488 2165 640 2284 stapedis
664 2185 774 2256 basim
802 2199 921 2258 exacte
957 2185 1092 2283 deliga-

106 2319 139 2388 εἰ
167 2339 252 2388 euru
279 2309 372 2384 evuli
396 2309 544 2384 fenestra
570 2306 713 2401 (xxxur
737 2305 786 2403 ),
815 2317 850 2372 ct
884 2318 998 2376 toturn
1041 2303 1092 2376 la·

109 2429 268 2531 byriathi
295 2415 420 2504 cavum
446 2425 592 2497 humore
625 2423 787 2520 repleri,
830 2420 1093 2496 evidentissime

108 2551 370 2626 demonstrent.

212 2671 376 2744 LXXX.
404 2667 543 2742 Educta
569 2669 677 2768 igitur
703 2691 725 2736 e
749 2663 898 2739 calvaria
915 2665 1089 2759 cerebro,

112 2798 342 2893 inspectaque
368 2791 463 2864 illius
489 2789 570 2863 basi
591 2785 816 2862 duraadhuc
842 2801 952 2860 matre
992 2787 1095 2872 indta·

111 2927 179 3004 ta,
206 2912 445 3009 crucibusque
469 2908 596 2982 referta
624 2931 812 2982 rrervoruur
857 2906 1037 3008 principiis
1074 2935 1094 2978 a

112 3033 258 3108 cerebro
283 3030 442 3118 evulsis,
486 3053 602 3130 exque
625 3029 696 3104 suis
737 3027 963 3101 foraminibus
984 3083 999 3116 ‚‚
1033 3053 1100 3124 per

111 3179 201 3256 quae
227 3167 323 3226 extre
349 3151 508 3226 cranium
534 3165 819 3247 exeunt,sup1·a
860 3146 982 3225 duram
1023 3164 1095 3220 rna-

115 3292 223 3366 trem,
245 3273 562 3373 nopeadentibuu
583 3272 647 3346 sub
662 3277 764 3370 janua
783 3268 946 3342 cochleae
970 3295 1097 3370 aquae·

118 3395 249 3473 ductus
262 3395 320 3494 (c)
346 3416 516 3468 nervosus
543 3393 697 3468 ramulus
722 3391 925 3465 observatur
945 3403 1099 3489 penetro·

113 3539 152 3590 re
178 3516 261 3612 (d),
291 3515 351 3612 qui
378 3515 534 3588 certain
563 3537 681 3586 caussa
709 3511 805 3600 snit,
832 3538 894 3584 cur
920 3519 1036 3584 minus
1054 3510 1099 3582 ab

115 3634 336 3710 Auatomicis
360 3633 520 3708 foramen
547 3633 614 3706 hoc
642 3627 910 3718 attenderetur,
955 3628 1102 3700 habere-

118 3767 247 3854 turque
272 3779 336 3857 pro
361 3779 433 3832 uuo
460 3779 503 3826 ca
530 3753 574 3824 iis
601 3739 859 3838 loraminihus,
896 3773 984 3848 quae
1024 3771 1102 3822 uer·

525 3905 706 3930 ,μυ-ι-

156 3985 202 4074 (c)
227 3981 311 4055 Tib.
341 4007 373 4049 2.
397 3981 430 4052 h.
468 4025 471 4030 ·
714 3975 764 4064 (d)
785 3971 910 4046 Tana.
936 3980 967 4044 i.

1166 4017 1198 4034 -

1182 4047 1188 4060 Ι
