2790 4872
676 523 711 624 t
736 520 812 622 ιν)

265 683 544 780 difficultatibus,
572 682 622 758 itis
646 684 835 783 praesentim
861 698 945 780 quac
968 701 1009 749 on
1034 676 1081 749 nei
1106 664 1242 750 familie

267 809 311 876 nis
336 804 489 900 angustiis
515 798 734 895 oriebantur,
763 799 901 892 evictis,
941 793 1147 896 Neapolim,
1181 793 1243 867 ubi

267 940 346 1007 tnnc
370 923 535 997 Medicina
561 925 702 996 manime
721 919 860 994 florebat
880 973 890 1011 ‚
910 915 1076 992 contendit
1096 942 1105 988 ε
1135 941 1241 1016 eoque

266 1046 412 1142 priunum
438 1070 526 1116 nono
550 1040 733 1116 teteritas*
741 1035 893 1121 ianuarii
922 1035 1022 1137 1753
1043 1035 1206 1134 pervenit.

289 1141 301 1166 ’
366 1161 458 1242 nihil
484 1164 519 1234 in
544 1161 627 1250 urbe
652 1161 714 1238 hac
739 1185 858 1264 magua
875 1157 1022 1256 frangere
1039 1154 1146 1254 potuit
1175 1151 1246 1227 Co·

266 1280 370 1358 tunnii
394 1283 570 1372 animum,
610 1282 664 1353 vix
702 1277 869 1352 decimum
904 1274 1083 1427 sepffmum
1122 1275 1245 1370 agentis

266 1398 380 1468 aetatis
404 1423 553 1489 aninum,
581 1422 643 1468 nec
668 1397 794 1468 novitas
809 1420 922 1468 rerum
937 1385 958 1488 ‚¹
978 1419 1040 1467 uec
1065 1390 1245 1471 incolarum

267 1513 453 1598 illecebrae:
473 1517 593 1616 quippe
606 1518 660 1589 cui
677 1529 763 1590 totus
779 1514 928 1614 ejusdem
944 1511 1099 1605 ambitus,
1115 1516 1245 1611 perstri-

268 1635 329 1710 ctis
353 1631 529 1728 cancellis,
561 1635 646 1738 intra
680 1631 934 1707 Universitatem
971 1630 1192 1720 Studiorum,
1212 1643 1245 1703 et

269 1780 428 1850 ntegnum
453 1753 692 1844 Incurabiliunr
718 1754 956 1828 Nosooomium
991 1755 1237 1826 contineretur.

270 1874 421 1949 priuatas
445 1873 588 1947 doctoris
620 1875 795 1972 Pisoiotoui
820 1875 974 1949 lectiones
1010 1872 1114 1946 adiit:
1142 1887 1240 1972 atque

268 1997 303 2066 iu
327 1993 430 2090 Regia
454 1993 676 2073 Universitate
700 1993 770 2068 illas
785 1995 983 2100 ¹praesertim
1005 2018 1091 2093 quae
1119 1993 1159 2065 de
1173 1993 1245 2066 No

268 2113 439 2212 sographia
462 2093 771 2212 tiraestantissimus
789 2115 937 2188 medicus
961 2141 999 2188 ac
1033 2113 1245 2212 philosophus

267 2235 399 2333 insignis
423 2233 453 2305 F
454 2237 615 2309 ranciscus
651 2234 770 2308 Sensus
809 2232 977 2307 dictabat:
1018 2231 1166 2332 adeoque
1205 2260 1248 2305 ex
1367 2313 1369 2317 ⁸

267 2378 385 2444 corum
410 2350 616 2452 documentis
638 2352 807 2450 proiecit,
835 2363 873 2424 ut
897 2354 953 2424 vix
978 2376 1100 2424 novem
1133 2351 1246 2450 elapsis

267 2469 436 2548 mensibus
460 2498 501 2548 ex
527 2499 593 2570 quo
620 2473 764 2570 primum
788 2471 991 2564 advenerat,
1010 2469 1181 2568 publicum
1196 2475 1246 2546 sui

270 2587 461 2688 periculum.
482 2593 585 2668 lacere
610 2592 701 2666 haud
725 2597 815 2692 pensi
854 2591 1006 2670 habuerit
1039 2593 1074 2662 in
1110 2593 1246 2666 Incuna-

266 2707 425 2793 rabilium
452 2712 657 2799 Nosocomio
674 2769 684 2806 ‚
704 2729 740 2787 ut
765 2715 892 2788 ntedici
913 2719 1108 2798 moctensis
1124 2741 1246 2788 munus

267 2847 527 2932 consequeretur,

367 2955 481 3038 Primo
505 2952 569 3026 hoc
594 2955 697 3051 gradu
720 2983 823 3058 quam
845 2955 980 3034 feliciter
1004 2945 1166 3048 ascenso,
1193 2956 1244 3027 in-

266 3067 317 3148 tia
356 3088 487 3170 septum
521 3073 713 3162 Nosocomii
750 3077 852 3150 veluti
890 3079 1088 3169 coercitus,
1132 3091 1243 3150 totum

192 3205 195 3212 ’
265 3218 304 3270 se
330 3192 420 3265 dedit
444 3196 517 3290 suis·
534 3195 655 3268 muniis
678 3195 841 3269 obeundis
862 3251 872 3288 ‚
892 3209 925 3268 et
956 3197 1145 3269 anatomicis
1177 3211 1244 3267 stu-

269 3313 360 3406 diis,
389 3317 415 3389 si
452 3317 531 3416 quid
558 3321 713 3418 temporis
738 3332 946 3415 superesset,
983 3315 1126 3390 colendis
1145 3375 1155 3408 ‚
1171 3321 1245 3389 ¹ve-

269 3436 424 3534 ritatique
441 3438 587 3539 undique
613 3438 861 3540 disquirendae:
889 3436 980 3538 quod
1006 3439 1121 3535 etipse
1145 3437 1242 3509 aitin
1280 3429 1285 3442 ’

265 3557 463 3651 praefatione
488 3559 530 3630 ad
565 3587 624 3634 sua
654 3560 882 3658 Fragmenta
897 3559 1037 3633 nzedica
1060 3557 1170 3631 adhuc
1195 3559 1246 3629 in-

261 3676 381 3750 edita:
407 3680 528 3778 quippe
568 3681 625 3781 qui
655 3694 730 3754 octo
770 3705 893 3770 annos,
919 3678 1046 3780 quibus
1076 3681 1111 3750 iu
1144 3679 1245 3750 lucu-

253 3797 421 3896 'nobilium
445 3801 646 3874 Nosocotn‘io
674 3815 944 3898 extemporaneam
979 3799 1160 3874 medicinae
1185 3799 1245 3870 ad-

266 3917 374 3996 dictus
399 3932 472 4013 est,
500 3919 614 3999 beatos
638 3919 764 3992 ibidem
789 3917 929 4018 appellat
960 3967 969 4004 ‚
1005 3933 1038 3993 et
1076 3919 1109 3990 in
1137 3916 1244 3988 libero

265 4037 448 4143 genialique
483 4044 558 4119 ocio
585 4041 750 4118 traductos
770 4053 847 4138 ;·ut
869 4041 927 4142 qui
951 4041 1145 4132 anatomicis
1176 4051 1246 4112 stu·
