2790 4872
754 468 869 561 (⁵0)

328 647 385 710 tur
401 635 590 737 comperiri
601 659 674 708 non
691 647 867 737 poterone
888 657 969 706 narn
983 634 1020 706 in
1034 635 1311 712 siccatis'eunctu
1382 687 1383 702 2

217 769 220 795 ³
329 757 543 846 turbantur,
571 753 736 854 plurimis
760 754 917 853 partibus
935 753 1102 828 vestibuli
1122 758 1313 854 parietibus
1382 829 1383 832 ,

327 877 496 966 accretiS,
525 877 676 975 quaein
705 901 749 946 eo
776 887 875 946 antea
894 872 1308 973 liberesuspendebatur.

333 981 337 991 ¹
426 993 608 1068 XXVIII.
636 995 830 1070 Posteriori
857 996 957 1066 nervi
983 993 1098 1078 mollis
1125 995 1310 1084 fasciculo,

324 1114 497 1210 posterior
522 1115 683 1188 omnium
707 1111 807 1186 sedes
834 1112 869 1183 in
897 1113 1097 1184 communis
1124 1137 1312 1188 nervorum

323 1230 454 1302 canalis
479 1231 550 1303 fine
576 1246 627 1306 est
651 1227 837 1320 destinata,
857 1254 945 1328 quae
962 1230 1027 1302 sub
1046 1230 1134 1304 falce
1152 1233 1310 1331 ejusdcm

323 1349 443 1448 spinae
469 1347 553 1447 (xxi
568 1350 599 1430 r)
628 1351 753 1448 posita,
783 1374 863 1422 cum
881 1345 964 1419 sede
981 1347 1026 1419 ad
1041 1347 1222 1424 cochleam
1244 1352 1308 1430 du.-

322 1480 423 1540 cente
449 1491 558 1566 prope
585 1467 820 1538 continuatur.
837 1465 936 1537 Haec
957 1478 1030 1538 tota
1043 1467 1227 1542 reticulata
1246 1485 1307 1558 est,
1348 1445 1354 1458 ι

322 1587 427 1660 latior
445 1587 632 1686 minusque
650 1582 823 1683 profunda
839 1583 1307 1682 praecedentelxxvr).Ner·

323 1731 389 1778 vus
414 1702 472 1776 hie
500 1729 562 1802 per
590 1702 682 1776 sedis
709 1725 790 1774 suae
826 1699 998 1791 foramina
1035 1703 1306 1804 iu'proximam

323 1823 646 1924 hemisphaericam
674 1825 861 1896 cavitatem
896 1847 955 1895 sua
994 1802 1141 1922 stamina
1178 1823 1307 1914 ducit,

319 1968 519 2042 quaecum
548 1941 599 2016 ibi
626 1953 705 2016 suat
731 1954 901 2041 perventa
928 1941 964 2012 in
993 1939 1139 2014 mollem
1156 1942 1303 2042 pulpam

317 2061 506 2154 diffluunt,
535 2060 646 2135 libere
672 2063 707 2135 in
727 2085 765 2132 ea
784 2085 888 2136 cavea
905 2063 1121 2156 fluitantem.
1141 2065 1210 2137 Per
1222 2091 1303 2138 eam
1382 2143 1383 2150 χ

317 2194 433 2254 tamen
460 2183 664 2270 maculam,
691 2207 760 2280 qua
778 2177 1093 2278 hemisphaericarn
1113 2184 1301 2262 cavitatem

318 2307 456 2400 opacari
484 2303 639 2378 diximus
681 2293 1086 2396 (111),maximanervi
1115 2329 1194 2402 pars
1211 2317 1307 2381 tran·

316 2422 386 2494 sit.
414 2421 525 2499 Aliud
552 2450 706 2524 quoque
721 2423 877 2496 foramen
908 2420 1135 2513 solitarium,
1163 2439 1200 2498 et
1225 2451 1301 2498 ma·

315 2542 410 2622 xime
436 2545 696 2644 conspicuum,
719 2543 999 2642 frequeoIIssime
1037 2555 1130 2640 patet
1146 2547 1204 2636 ‚in
1240 2571 1300 2616 eo-

315 2661 399 2736 dem
422 2667 621 2742 ¹communi
659 2689 848 2739 nervorum
892 2661 1050 2754 canale,
1092 2681 1127 2738 et
1161 2666 1197 2736 in
1237 2691 1302 2764 po·

314 2785 456 2856 steriori
499 2784 698 2887 descriptae
723 2784 818 2859 sedis
845 2801 941 2886 parte
966 2811 1082 2884 supra¹
1097 2785 1298 2886 marginem

317 2902 411 2976 sedis
435 2903 599 2978 cochleae
617 2906 804 2977 introrsum
820 2906 977 3002 ponitur,
993 2927 1298 3000 ramumqueuer·

312 3045 437 3094 rosum
465 3046 508 3094 ex
531 3019 600 3094 hoc
630 3021 754 3094 ultimo
779 3020 943 3094 fasciculo
970 3017 1082 3094 ducit.
1120 3018 1296 3108 Foramen

308 3139 376 3214 hoc
392 3139 649 3214 adhorilieium
667 3141 847 3240 proprium
866 3138 992 3215 canalis
1004 3139 1205 3237 posterioris
1216 3139 1298 3237 (vr)

312 3256 501 3357 pertingit,
529 3259 635 3358 inque
662 3259 773 3330 multa
790 3259 960 3334 foramina
978 3257 1187 3358 dissipatur,
1203 3282 1298 3356 quae

308 3375 345 3446 in
372 3401 478 3451 cavea
507 3390 626 3474 aperta
651 3393 761 3470 sunt,
789 3405 894 3478 quam
922 3402 1033 3476 prope
1057 3373 1147 3449 illud
1165 3376 1294 3448 orifici-

307 3517 369 3565 um
395 3491 488 3567 huno
514 3493 670 3568 diximus
696 3496 853 3570 canalem
879 3495 1053 3570 obtinere.
1081 3497 1182 3588 Quae
1198 3493 1292 3567 sora-

306 3613 402 3684 mina
430 3627 531 3687 acuto
558 3617 727 3692 eminenti
754 3641 882 3717 aggere
899 3642 918 3688 a
933 3614 1108 3690 vestibulo
1128 3638 1290 3712 separau-

306 3745 394 3820 ων,
424 3747 459 3806 et
484 3736 550 3810 nisi
577 3736 751 3835 aperiatur
777 3737 908 3810 canalis
932 3732 1158 3834 inconspicua
1177 3746 1290 3830 usual,

307 3853 556 3958 maculamque
581 3858 836 3932 foraminosam
861 3858 909 3930 ihi
938 3883 1082 3964 parvam
1110 3851 1287 3946 efficiunt,

305 3999 413 4076 quam
437 3976 529 4054 fetus
556 3980 814 4083 elegantissime
832 3979 1033 4059 ostendunt.
1048 3979 1119 4052 Per
1135 3999 1219 4050 eam.
1231 4000 1293 4075 res
