2760 4874
695 79 705 112 Ι

698 394 867 492 <uti

276 581 373 646 ctnet
398 589 545 678 necesse.
566 575 649 659 est,
675 567 837 666 erretqir'e
878 562 978 638 exlex
1019 555 1117 641 navis
1158 563 1270 638 instar

273 689 349 764 sine
373 699 524 764 rectore.

342 795 346 803 ¹
376 807 428 882 11.
455 807 613 910 Apparet
636 803 837 880 doctrinam
873 802 1081 904 sapientiam
1120 828 1191 874 non
1214 800 1270 874 fa·
1359 809 1360 828 ¹

275 952 384 1019 cere,
410 929 477 1004 nisi
501 954 583 1002 cum
611 926 739 1001 virtute
765 928 1002 1025 conjunctam,
1029 935 1065 994 et
1088 921 1164 994 sine
1190 945 1271 994 mo·

275 1047 376 1122 ribn's
401 1047 534 1123 litteras
558 1045 781 1122 dimidiatam
806 1050 882 1121 vim
906 1043 1068 1134 habere;
1113 1042 1180 1114 nisi
1206 1067 1272 1141 po-

274 1169 344 1242 tins
368 1151 448 1242 earn
474 1169 549 1246 vim
573 1167 733 1256 habent,
759 1193 828 1270 qua
868 1189 996 1238 nocere
1021 1165 1154 1265 possint
1190 1191 1271 1236 ma-

270 1289 340 1387 gis,
366 1315 472 1392 quam
497 1287 687 1390 prodesse3
713 1313 795 1362 nam
822 1311 862 1359 ea
889 1297 1011 1358 natura
1036 1283 1170 1384 ingenii
1196 1282 1265 1354 hu·-

273 1413 371 1483 mani
398 1399 480 1510 est,
507 1410 675 1502 uiribus,
703 1410 773 1482 nisi
798 1431 914 1480 mores
941 1405 1109 1503 dirigant,
1136 1403 1264 1477 abuti.

274 1523 367 1598 Mihi
392 1552 478 1600 vero
505 1552 545 1600 ea
570 1527 717 1600 demum
743 1525 886 1628 optimis
925 1521 1089 1622 auspiciis
1127 1521 1270 1595 videtur

275 1638 420 1714 fundata
446 1643 678 1744 respublica,
704 1647 742 1716 io
769 1669 841 1744 qua
867 1644 950 1715 boni
977 1641 1109 1715 civium
1151 1665 1267 1714 mores

275 1783 360 1830 cum
386 1751 527 1862 e'gregia
554 1760 716 1836 doctrina
742 1764 980 1850 conveniant3
1019 1779 1134 1844 nam,
1161 1761 1270 1832 mori·

272 1877 340 1951 bus
366 1883 571 1982 corruptis,
613 1882 677 1959 vel
718 1884 755 1956 io
788 1881 885 1954 omni
927 1881 1090 1954 scientiae
1130 1876 1267 1967 laude,

166 1992 168 2000 '
275 2025 451 2101 quaenam
477 2001 592 2078 civilis
617 2016 733 2102 potest
760 2027 834 2078 esse
859 1997 1090 2100 tranquillitas
1106 1999 1182 2072 sine
1208 1995 1272 2070 ho·

274 2115 443 2212 nestate,
470 2123 545 2198 sine
570 2123 670 2210 side,
697 2127 772 2198 sine
798 2119 1035 2207 continentia,
1065 2119 1142 2192 sine
1180 2119 1274 2194 veri·

265 2241 387 2318 tate?
412 2241 470 2317 Ex
490 2271 560 2346 quo
585 2258 707 2363 recte,
735 2258 842 2347 atque
869 2240 993 2316 ordine
1017 2239 1150 2313 lactum
1188 2250 1274 2338 puto

275 2359 321 2434 ab
348 2363 414 2454 iis,
442 2365 503 2464 qni
529 2377 689 2441 veterum
713 2363 929 2464 respublicas
956 2359 1125 2462 legibus,
1167 2369 1272 2459 atque

277 2479 457 2574 decretis,
483 2486 731 2578 instituerunt,
757 2497 797 2558 ut
818 2484 933 2583 primo
960 2505 1064 2554 curae
1103 2477 1273 2552 haberent

277 2622 349 2698 quo
364 2599 512 2674 ⁴ciuium
538 2627 654 2676 mores
679 2629 786 2704 qnam
812 2597 1087 2675 emendatissimi
1113 2600 1270 2687 fierent,

276 2713 409 2788 deinde
436 2731 475 2790 ut
500 2746 609 2822 quam
634 2720 804 2796 latissime
829 2733 963 2821 pateret
987 2719 1173 2794 doctrino.
1203 2721 1272 2794 Cor

278 2847 405 2928 antea,
433 2851 468 2913 et
492 2841 629 2914 animus
652 2842 836 2916 formanda
861 2853 967 2932 sunt,
994 2841 1209 2942 ingenium,
1239 2853 1273 2914 et
1361 2881 1362 2894 κ

275 2979 379 3030 mens
404 2956 507 3030 facile
531 2973 735 3060 sequentur.
765 2959 838 3036 Sed
855 2973 890 3032 et
905 2959 1274 3059 praestabunt-eedem

276 3078 345 3152 sihi
369 3093 494 3152 mutuo
519 3080 637 3172 vires,
664 3097 770 3184 atque
795 3083 997 3182 promiscuo
1023 3081 1162 3178 auxilio,
1191 3107 1275 3180 pro-

274 3195 422 3270 ficient.
449 3194 547 3270 Nam
571 3223 713 3275 morum
756 3202 939 3303 integritas
963 3201 1062 3276 riam
1095 3201 1276 3274 doctrinae

271 3314 410 3392 facilem
435 3317 582 3410 sternit,
606 3335 643 3394 et
667 3322 824 3398 invicem

276 3589 303 3628 ss
331 3555 527 3658 Ingenuus
552 3559 733 3640 didicisse
744 3564 925 3662 fideliter
949 3579 1051 3638 artes

277 3707 305 3746 s>
330 3675 498 3750 Emollit
523 3705 678 3774 mores,
706 3663 778 3758 nec
802 3687 894 3756 sinit
919 3707 1000 3758 esse
1014 3681 1153 3785 seros.

272 3917 481 4024 Utcumque
507 3935 627 4001 tamen
655 3925 791 4002 litterae
817 3917 956 4028 semper
983 3935 1086 4000 erunt
1120 3921 1278 4002 veluto·
