2756 4874
509 419 646 514 ‹aa›
740 327 744 337 i

90 588 318 666 membranea
359 587 602 694 aquaeductus
643 593 873 686 continetur,
908 623 1013 700 quam
1048 604 1081 688 si

90 734 172 782 cum
197 705 256 780 illa
280 705 391 782 adulti
417 709 702 807 comparaveris,
719 713 930 814 ampliorem
955 718 1082 794 distin·

89 832 307 930 ctioremque
332 829 466 906 dixeris
492 829 684 908 obtinuisse
710 831 848 928 letum,
876 841 930 912 sui
957 865 1084 942 corpo*

89 953 137 1024 ris
161 961 338 1050 respectu.
366 950 409 1024 ln
435 947 554 1023 adulto
579 950 796 1040 eminentia,
812 953 972 1057 inquam
988 983 1083 1036 mar·-

90 1093 140 1170 go
168 1065 410 1171 aquaeductus
432 1065 524 1140 liber
549 1067 728 1168 assurgit,
754 1068 879 1144 loveae
902 1071 1083 1168 desectum

91 1189 262 1290 supplet3
302 1185 348 1260 ab
374 1211 414 1259 ea
439 1186 534 1262 enim
573 1192 691 1288 pontis
730 1191 840 1264 instar
879 1216 981 1294 supra
1023 1218 1083 1268 re-

90 1311 233 1416 liquum
257 1333 297 1386 os
322 1307 410 1384 dura
435 1321 551 1386 mater
580 1309 788 1410 conjicitur,
824 1311 1081 1416 cavitatemqua

92 1431 235 1508 iormat·

195 1547 372 1626 LXVIII.
400 1550 539 1626 Verum
565 1577 608 1624 ne
632 1549 753 1628 videar
791 1553 925 1656 proprii
965 1554 1086 1658 profe·

93 1686 171 1747 etus
198 1671 373 1774 originem
399 1669 664 1760 dissimulasse,
703 1699 772 1773 qua
811 1677 949 1750 rationo
989 1674 1084 1750 bnne

95 1793 358 1898 aquaeductum
380 1796 588 1886 invenerim,
605 1795 760 1874 breviter
771 1800 954 1876 enarrabo.
970 1805 1086 1897 Quin-

95 1943 164 2019 que
180 1961 201 2009 ,·
221 1931 257 1991 et
282 1917 379 2016 quod
405 1917 559 2010 excedit,
586 1917 696 2018 elapsi
722 1933 803 1996 sunt
828 1924 927 2015 anni,
955 1949 1085 2026 exque

96 2065 166 2140 ego
191 2037 374 2114 laboribus
399 2040 605 2114 anatomicis
644 2044 715 2140 jam
755 2038 968 2134 dedicatus,
995 2047 1086 2121 inter

95 2160 181 2234 alias
206 2156 352 2234 bumani
378 2159 532 2260 corporis
557 2169 697 2261 partes,
724 2157 864 2234 auditus
888 2162 1012 2264 organi
1037 2163 1089 2236 fa·

95 2277 232 2352 bricam
260 2279 358 2376 caepi
377 2281 610 2382 investigare.
638 2281 777 2356 Ducem
793 2280 883 2356 mibi
907 2296 1096 2378 naturam,

96 2425 170 2473 non
195 2409 356 2472 auctores
396 2397 640 2498 praefigendos
665 2425 740 2476 esee
779 2400 890 2500 probe
917 2399 1087 2492 edoctus,

98 2526 177 2614 post
204 2517 468 2590 observationes
493 2531 681 2615 peractas,
705 2520 867 2620 placebat
902 2519 1090 2596 celeberri-

97 2640 152 2712 mi
193 2635 383 2710 Valsalvae
408 2637 567 2737 scripta,
603 2636 821 2715 doctissimis
846 2641 914 2716 viri
955 2643 1089 2714 summi

97 2758 247 2834 Joannis
275 2757 455 2858 Baptistae
491 2761 685 2862 Morgagni
723 2761 877 2861 epistolis
917 2759 1091 2839 illustrata

98 2880 310 2954 consulere.
342 2878 505 2980 Cumque
531 2879 644 2954 multa
681 2880 839 2982 legerem
868 2935 879 2972 ,
907 2881 1091 2982 multaque
1209 2923 1213 2932 ·

99 3027 183 3078 cum
209 3000 281 3076 illis
309 3024 584 3102 compararem,
609 3002 789 3100 quaejam
808 3014 952 3098 egomet
969 2999 1090 3080 obser·

104 3147 295 3214 voveram,
322 3120 357 3194 in
386 3123 459 3220 ejus
484 3105 661 3192 foraminis
700 3120 916 3192 mentionem
951 3115 1089 3210 incidi,

100 3241 203 3345 quod
229 3242 406 3318 orificium
430 3239 512 3316 huic
538 3237 771 3341 aquaeductui
788 3235 881 3330 dat,
909 3243 1091 3342 quodque,

100 3361 193 3440 mibi
219 3377 320 3438 antea
348 3364 413 3438 etsi
437 3362 572 3462 pluries
598 3359 823 3435 observatum
849 3357 962 3434 adbuc
977 3373 1095 3436 tamen

99 3484 310 3588 ignorabam
337 3484 477 3560 cuinam
501 3481 713 3561 destinatum
737 3482 826 3556 soret
848 3483 1096 3584 usui,blorga·

101 3607 164 3710 gni
192 3604 405 3706 perplexitas
428 3600 611 3702 (nvrrt)
635 3601 681 3676 ad
705 3625 795 3678 nova
821 3607 880 3676 me
905 3604 1096 3678 tentamina

103 3723 292 3798 incitavit.
320 3723 486 3824 Cumque
510 3741 652 3824 petrosa
691 3745 770 3796 ossa
805 3735 943 3822 praesto
980 3735 1097 3796 essent

104 3843 307 3936 innumera,
323 3843 437 3946 qualia
454 3839 541 3918 mihi
556 3849 839 3942 comparaveram
855 3867 918 3946 pro
930 3851 1093 3914 retexen·
1185 3943 1187 3948 Ι

106 3960 150 4060 da
175 3966 346 4070 temporis
373 3965 463 4042 ossis
487 3961 661 4057 historia,
686 3987 794 4066 quam
832 3963 971 4065 integro
997 3959 1098 4061 operi
