2756 4874
726 461 836 550 (9⁰)

298 622 400 712 rius,
427 623 461 693 iu
487 623 652 722 spinam,
680 622 772 697 iuter
798 622 1050 714 semiovalem,
1092 637 1127 696 et
1144 607 1146 614 Ι
1164 620 1284 696 hemi-

295 742 516 842 sphaericum
542 745 726 817 cavitatem
766 742 1068 835 intercedentem,
1088 745 1280 817 evanescit.

295 849 425 936 Soleus
448 874 567 934 tamen
592 860 647 935 his
671 863 836 937 luteribus
857 861 1159 962 comprehensus,
1186 861 1285 934 dire·

297 981 452 1052 ctionem
477 981 676 1082 posterioris
700 981 817 1056 luteris
843 985 995 1056 maxime
1021 997 1202 1083 sequutus,
1220 1005 1284 1056 ve·

298 1099 419 1174 stibuli
445 1099 554 1173 scalae
580 1101 721 1174 videtur
744 1103 952 1176 continuari.

235 1205 242 1218 ¹
397 1215 532 1323 LVlli.
561 1223 651 1316 Quis
675 1235 790 1294 tumen
809 1224 852 1294 sit
867 1220 969 1319 hujus
986 1218 1165 1294 foraminis
1180 1239 1280 1310 usus,

227 1323 228 1328 Ἰ
297 1367 337 1416 se
378 1341 553 1447 ignorur'eh
586 1345 713 1420 fatetur
756 1341 902 1414 illustris
941 1333 1160 1441 Morgagnus
1184 1340 1280 1440 (p).

298 1465 390 1536 Cum
418 1465 512 1536 euim
537 1463 631 1538 lima
657 1481 813 1558 arrepta
842 1518 853 1553 ,
881 1487 964 1536 eum
986 1485 1280 1563 *nonnunquam

297 1579 469 1654 tubulum
493 1599 771 1683 persequutus,
800 1585 861 1685 qui
885 1583 917 1656 ei
943 1584 1128 1654 continuus
1155 1596 1207 1654 est
1228 1580 1282 1653 fo·

300 1701 428 1772 remini
453 1724 592 1797 purum
625 1699 878 1803 profecisset,
919 1701 1166 1799 videretque,
1201 1725 1282 1774 nou

298 1815 413 1916 longo
440 1844 592 1894 eureuso
616 1837 777 1913 tractu,
803 1845 962 1921 prorsus
975 1822 1120 1916 finiri,
1150 1843 1275 1921 eaque

301 1939 514 2014 directione
540 1966 653 2032 esse,
691 1957 733 2014 ut
771 1943 827 2016 ad
862 1947 1039 2016 canalem
1080 1965 1282 2018 nervorum

296 2067 527 2137 communem
554 2088 631 2138 non
658 2068 819 2137 attinere
844 2065 1043 2155 uideretur,
1073 2079 1283 2155 caeterum,

299 2182 503 2282 concludit,
534 2167 775 2286 'quicumque
817 2183 920 2258 illius
959 2188 1010 2258 sit
1047 2209 1168 2276 usus,
1196 2185 1286 2260 mitri

295 2306 459 2380 necdum
480 2305 537 2399 fit
564 2305 799 2396 uerisimile,
842 2307 1059 2404 expetitio
1089 2363 1100 2396 ,
1130 2309 1282 2380 eodem-

300 2449 398 2527 que,
426 2443 468 2500 ut
495 2451 637 2524 caepe,
665 2443 743 2503 uo'u
768 2452 899 2526 paruo
926 2427 1074 2518 orificio
1099 2453 1278 2528 progres-

297 2567 410 2635 sum,
438 2561 516 2618 tam
542 2551 617 2620 cito
649 2548 823 2621 desinere
858 2601 869 2636 ,
898 2562 935 2619 et
974 2555 1135 2622 caecum
1161 2573 1278 2624 esse.

295 2659 378 2753 Quo
405 2680 583 2761 postremo
610 2689 692 2738 sune
718 2665 856 2764 monitu
882 2667 1025 2765 egregie
1043 2669 1110 2738 Vir
1135 2669 1284 2768 insignis

295 2785 481 2858 vaticinari
507 2786 660 2862 videtur.
688 2787 815 2886 Neque
842 2787 937 2860 enim
961 2813 1107 2860 caecum
1134 2787 1201 2862 hoc
1229 2788 1282 2860 fo-

296 2927 449 2995 ramen,
476 2931 589 3006 neque
615 2906 715 2982 brevi
755 2904 908 2995 tubulo,
952 2905 1137 3005 eidemque
1179 2932 1284 2982 cucco

298 3023 501 3098 continuum
530 3039 607 3116 est,
626 3025 688 3098 scd
713 3030 788 3125 ejus
815 3025 946 3100 canatis
972 3025 1183 3127 principium
1199 3053 1285 3102 cou-

294 3144 436 3234 stituit,
464 3171 571 3246 quem
596 3171 661 3220 uos
685 3148 853 3223 vestibuti
879 3148 1136 3248 aquaeductum
1163 3150 1283 3248 appel·

293 3262 458 3338 lavimus.
484 3262 608 3340 Placet
645 3289 730 3368 ergo
767 3267 883 3340 minus
919 3265 1062 3368 proprio
1099 3270 1284 3348 cavitates

280 3383 542 3488 ,sulciformis
560 3386 704 3460 nomine
731 3387 894 3486 seposito,
921 3409 1054 3460 nomeu
1071 3385 1212 3469 orificir'
1236 3411 1281 3462 aa

294 3505 533 3606 aquaeductus
559 3503 742 3578 vestibuli
766 3503 849 3578 huic
874 3501 1034 3576 furemini
1059 3504 1229 3578 tribucre.

397 3624 497 3697 LIX.
527 3623 664 3712 Cauniis
688 3624 734 3698 eb
758 3622 826 3698 hoe
851 3624 1012 3724 procedit
1037 3626 1192 3716 orificio,
1222 3632 1285 3727 qui

290 3743 483 3840 introrsum
507 3769 714 3846 sursumque
739 3743 939 3845 tenditper
965 3743 1123 3818 medium
1157 3767 1196 3818 os
1222 3771 1283 3845 pe·

698 3920 877 3940 m

338 4009 386 4101 (p)
409 4009 513 4105 Epist.
542 4011 636 4084 Anat·
676 4010 757 4082 ΧΠ.
781 4016 811 4100 5.
836 3999 892 4084 61.
918 4037 951 4104 p.
975 4032 1017 4086 nr.
1044 4002 1120 4101 378.
