2756 4874
553 435 670 528 (rr)

105 622 226 700 undae
250 625 378 696 aereae
404 635 424 688 a
450 627 581 682 sonoro
594 623 743 706 corpere
759 599 886 676 missae
902 609 996 674 suut.
1020 595 1099 676 Ulri

97 744 212 846 igitur
237 741 307 818 hae
335 732 451 810 undae
479 727 643 830 tympani
678 721 924 798 membranum
965 742 1097 824 percu·

100 869 230 958 tiuut,
261 875 296 936 et
321 857 441 943 haee,
467 875 531 954 per
558 846 691 920 ossium
730 855 888 916 catenam
931 840 1099 914 interme»

99 985 235 1076 diam,
263 975 452 1076 stapedum
479 977 615 1067 urget,
643 963 704 1064 qui
742 959 918 1050 taudem,
954 947 995 1031 ut'
1034 955 1099 1030 de-

102 1101 412 1182 monstravimus,
441 1112 571 1188 aquam
597 1078 768 1155 vestibuli
792 1093 929 1168 movet,
946 1075 1100 1152 dubim

99 1237 155 1296 est
183 1219 396 1321 prolecton
376 1211 518 1286 nullum
541 1204 637 1278 huuc
664 1224 742 1274 esse
772 1199 994 1288 humorem,
1032 1196 1099 1298 qui

97 1369 213 1441 accep
213 1354 268 1414 tes
294 1363 315 1412 a
340 1329 520 1434 stapede'
511 1323 762 1425 impressiones
786 1321 906 1394 nervis
933 1343 1097 1392 cummu-

101 1467 217 1538 nicet
247 1457 359 1534 Nervi
386 1455 499 1557 igitur
523 1449 627 1522 toties
652 1443 700 1520 ab
717 1441 824 1516 undis
839 1440 1096 1540 humorisper-

99 1586 233 1674 cussi,
263 1579 405 1684 quoties
430 1568 610 1648 humore
650 1563 797 1665 stupede
822 1576 1017 1654 movetur,
1044 1559 1100 1634 id-

99 1717 156 1780 est
182 1701 325 1804 quoties
347 1719 517 1770 sonorum
545 1709 676 1786 eorpus
701 1683 854 1776 tremit,
878 1707 936 1754 eas
969 1695 1095 1756 onmes

102 1823 358 1925 impressiones
383 1817 527 1890 animae
550 1807 817 1884 communicant
833 1831 971 1906 ‚aqna
988 1827 1096 1878 sonus

102 1941 314 2044 percipitur.
342 1935 511 2036 Oportuit
536 1953 656 2018 vero,
685 1940 726 2000 ut
751 1937 866 2027 stapes
891 1926 986 1998 ictus
1012 1949 1096 1998 snos

98 2089 170 2138 non
195 2057 415 2136 immediate.
434 2077 584 2131 neuueue
607 2049 764 2150 pulpae,
791 2047 853 2120 sed
877 2070 943 2152 per
982 2047 1092 2122 iuter·

101 2181 264 2268 medium
287 2181 476 2256 humorem
503 2173 797 2259 communicaret,
814 2169 862 2242 ob
889 2159 1091 2264 regionem,

97 2329 209 2405 quum
235 2301 319 2375 alibi
346 2298 573 2396 exposuimus
599 2287 770 2390 (nats).
802 2285 927 2388 Neque
954 2283 1095 2365 videtne

95 2445 176 2498 esse
202 2420 474 2520 quaerendum,
503 2439 566 2486 eur
591 2447 721 2494 uirum
746 2435 811 2512 pro
835 2423 935 2510 septo
969 2431 1095 2482 neruo·

96 2567 169 2632 se,
192 2537 295 2641 quod
319 2541 355 2612 in
382 2533 557 2612 vestibulo
583 2533 669 2608 feeit
688 2589 698 2624 ,
719 2529 897 2630 simplices
914 2527 1092 2602 fluitantes

94 2655 349 2760 productiones
375 2679 521 2730 nerveas
545 2679 616 2728 uon
643 2651 830 2740 effecerit,
876 2661 936 2720 aut
959 2672 1093 2750 expuu-

99 2803 176 2852 sam
203 2774 349 2878 quidem
376 2799 562 2851 nervosam
586 2773 858 2862 membranam,
892 2769 957 2844 sed
982 2769 1092 2842 uesti-

96 2898 226 2974 bulum
250 2923 320 2970 nou
346 2919 490 2995 prorsus
518 2891 750 2972 dividentem.
793 2897 890 2970 Nem
916 2889 1093 2989 simplices

95 3015 353 3122 productiones
379 3016 491 3090 libore
515 3019 607 3092 intra
636 3010 846 3106 vestibulum
880 3012 1093 3102 fluitantes,

96 3141 124 3214 si
150 3151 268 3214 essent
293 3135 450 3238 longae,
493 3133 721 3210 conciderent
753 3131 866 3206 inuata
910 3127 1091 3220 mollitie,

94 3283 215 3362 neque
242 3258 288 3332 ad
312 3260 523 3334 necessarias
565 3254 802 3330 oscillationes
838 3254 1097 3328 sustinerentur

94 3393 263 3469 erectae;
289 3382 319 3454 si
343 3379 494 3471 breues,
521 3377 566 3454 ab
592 3377 686 3450 undu
725 3373 885 3459 humoris
923 3374 1093 3454 vestibuli

93 3525 224 3598 parum
251 3499 495 3601 agitarentur,
521 3511 560 3572 et
583 3497 640 3570 vel
659 3497 827 3572 minimae
845 3495 1004 3595 ejusdem
1021 3493 1092 3568 im-

93 3620 269 3720 pressioni
297 3619 478 3694 cederent.
507 3619 583 3694 Nec
609 3615 773 3690 brevitati
810 3615 958 3688 durities
1006 3615 1092 3688 addi

93 3742 222 3848 potuit,
236 3737 438 3817 mollissimi
465 3741 559 3812 euim
586 3735 623 3810 hi
650 3735 757 3816 futui
784 3748 865 3811 sunt
892 3737 1004 3826 nervi,
1025 3735 1094 3836 qui

92 3853 150 3936 'vet
176 3856 411 3932 minimorum
437 3881 605 3932 sonorum
630 3859 705 3938 vim
732 3852 862 3936 debent
888 3857 1086 3952 percipere.

100 3978 261 4054 Neruosa
287 3976 569 4091 vero'expausio
594 3971 901 4082 uestibulumluon
916 3969 1094 4068 dividens,
