2790 4872
752 451 876 553 (84)

304 624 382 708 atsi
405 641 529 704 locens
553 633 640 711 est,
662 616 855 721 pristinum
879 611 916 684 iu
942 608 1051 686 silum
1075 609 1287 690 restituitur
1383 657 1384 696 r

302 757 472 829 Ceterum
496 743 763 844 fragilissimum
787 748 869 824 ast,
897 746 932 806 et
958 729 1032 806 levi
1057 755 1163 828 opera
1199 727 1291 804 albi·
1383 739 1384 806 l

302 872 379 946 dior
401 889 481 970 pars
505 891 525 936 a
550 861 680 960 reliqua
704 853 865 944 secedit;
892 876 951 926 eas
977 847 1108 922 etenim
1132 850 1225 922 inter
1244 843 1295 920 li·
1383 851 1384 930 l

302 1017 368 1064 nea
393 979 680 1089 profundiuscula
706 964 902 1063 ducitur,
901 997 993 1072 quae
1018 968 1130 1045 veluti
1154 964 1294 1042 discri-
1314 1029 1315 1034 ,

300 1135 388 1184 meu
408 1109 499 1184 inter
526 1115 714 1198 utramque
739 1098 868 1196 signat.
907 1091 1072 1189 Cumque
1112 1083 1292 1166 modiolus
1383 1101 1384 1174 ἢ

301 1253 349 1304 ex
372 1224 561 1326 spongioso
586 1241 692 1306 osse,
720 1231 755 1288 et
781 1209 1007 1314 perosissimo
1033 1206 1094 1278 liat
1112 1203 1294 1306 5-superfi

302 1347 374 1420 cies
398 1339 562 1418 cochleae
588 1336 734 1410 interior
760 1329 918 1431 undique
946 1325 1198 1428 levigatiesima
1223 1335 1291 1414 est,
1383 1345 1384 1372 ³

304 1491 345 1537 eo
371 1466 450 1537 loco
476 1469 651 1560 excepto,
679 1477 752 1556 quo
778 1449 934 1528 modiolo
959 1445 1158 1546 completur
1187 1442 1290 1544 (ιι).
1383 1489 1384 1496 1

304 1583 452 1680 Septum
478 1601 564 1652 vero
588 1575 789 1676 oppositum
815 1567 978 1644 cochleae
1018 1568 1184 1665 parietem
1223 1589 1296 1636 nou

307 1701 474 1799 attingit,
501 1723 542 1769 ac
571 1695 647 1770 tubi
672 1689 820 1792 perinde
858 1687 978 1760 lumen
998 1709 1068 1757 non
1083 1684 1221 1784 integre
1240 1707 1298 1754 se·

287 1833 388 1904 cat.
417 1814 562 1888 Duabus
588 1837 671 1890 vcro
696 1807 846 1884 lamellis
884 1801 1064 1880 manifeste
1101 1801 1299 1903 compingi-

306 1954 365 2012 tur
384 1992 394 2025 ‚
422 1961 511 2036 quae
536 1936 570 2007 in
596 1933 707 2024 libero
723 1928 882 2030 vmargine
898 1923 981 2000 vitri
998 1921 1199 2024 adjumento
1216 1939 1299 1996 sunt

312 2059 557 2156 conspicuae:
586 2053 648 2124 uhi
675 2047 898 2122 intervallum
941 2044 1029 2117 serie
1066 2040 1301 2116 minimorum

202 2258 204 2266 ,
309 2174 525 2250 sesaminum
566 2170 778 2246 succedanea
816 2165 1032 2266 completum
1074 2160 1298 2234 ostendunt:

308 2313 399 2398 quae
424 2295 519 2368 nudo
546 2295 652 2366 etiam
678 2291 781 2364 oculo
806 2290 841 2360 in
874 2283 1100 2370 sanissimis,
1128 2296 1162 2355 et
1186 2283 1299 2385 longa

309 2412 521 2516 quaudoque
547 2411 783 2486 maceratione
816 2403 962 2479 detersis
999 2398 1206 2500 labyrinthis
1243 2401 1300 2472 in-

179 2613 181 2616 .
311 2535 504 2638 speximus.
530 2533 682 2606 Minima
716 2529 802 2601 haec
838 2524 1005 2598 foramina
1042 2522 1174 2596 crificia
1215 2533 1300 2592 sunt

310 2667 467 2727 extrema
492 2648 762 2740 canaliculorum
787 2647 879 2718 inter
902 2642 989 2714 duas
1015 2643 1106 2738 septi
1146 2640 1298 2732 laminas

279 2814 283 2822 ·
310 2795 433 2848 versus
458 2767 603 2844 modioli
629 2772 724 2842 exim
741 2763 1004 2839 decurrentium
1021 2759 1142 2861 (sss).
1163 2763 1301 2836 Dicunt

313 2906 453 2993 septum
477 2889 544 2964 hoc
570 2891 751 2962 luminam
776 2883 992 2983 spinulam,
1019 2895 1059 2954 nt
1083 2894 1203 2958 tamen
1229 2908 1303 2986 gy-

311 3036 380 3088 rus
408 3009 523 3086 albus
547 3011 702 3104 spinalis
727 3008 909 3098 laminae,
934 2995 1016 3076 ‘dict
1042 3005 1239 3089 conveniat,
1258 3029 1301 3078 ea

310 3157 408 3233 pars,
436 3157 527 3232 quae
553 3129 597 3202 ad
624 3127 819 3228 marginem
859 3137 911 3199 est
949 3123 1101 3198 laminae
1125 3120 1185 3224 (h)
1209 3122 1302 3196 libe·

190 3299 193 3308 *
311 3273 426 3339 rum,
453 3245 634 3336 albidior,
661 3259 700 3318 ut
723 3243 914 3337 diximus,
959 3241 1132 3332 mollior,
1165 3244 1299 3344 vixque

253 3467 255 3470 Ι
307 3368 457 3468 proinde
483 3369 571 3452 ossis
594 3359 736 3440 nomine
761 3363 883 3466 digna.
986 3411 989 3416 ·

416 3485 505 3564 XV.
533 3488 603 3562 Hic
627 3499 745 3559 autem
771 3511 880 3586 gyrus
904 3483 1004 3558 albus
1037 3447 1191 3558 laminae
1227 3484 1302 3584 spi·

259 3706 265 3718 l
311 3606 423 3698 ralis,
451 3609 630 3710 areliqna
655 3609 812 3705 opaciori
838 3619 934 3706 parte
959 3631 1001 3678 eo
1026 3605 1139 3706 magis
1165 3616 1218 3678 est
1244 3605 1301 3680 di

316 3724 562 3832 stinguendus,
574 3727 656 3825 quia
672 3749 734 3825 per
759 3737 910 3798 tractum
935 3725 1038 3828 spatii
1052 3749 1122 3798 non
1140 3721 1298 3817 minimi,

363 3953 412 4043 (h)
433 3952 517 4026 Tar.
544 3977 574 4021 1.
599 3954 656 4046 figi
678 3951 709 4019 3.
734 3967 762 4019 ιι
894 4053 896 4060 Ι
