2790 4872
278 682 406 772 striaca,
419 677 461 753 de
472 685 551 753 s'nae
565 674 762 754 valetudinis
774 671 998 750 incommodis
1010 669 1253 769 consideretur,

172 839 177 852 ·
280 797 558 898 amplissimisque
572 793 863 896 pollicitationibus
878 791 1105 868 sollicitaretur
1120 809 1161 870 ut
1179 791 1254 870 'sese

285 921 348 1018 ipsi
367 975 377 1014 ,
405 919 580 1018 regiaeque
604 915 750 991 familiae
761 912 927 990 addiceret
941 941 951 1005 ;
967 917 1018 990 vir
1034 915 1169 1016 perinde
1193 916 1257 991 do·

276 1050 380 1132 ctus,
407 1051 508 1138 atque
532 1039 722 1138 ingenuus,
748 1038 977 1112 invitationem
1014 1035 1106 1111 illam
1124 1063 1257 1112 recusa-

212 1149 218 1169 ’
279 1159 360 1249 vit;
388 1161 549 1272 enixeque
573 1171 652 1234 tum
677 1155 877 1252 Cotunnio,
903 1171 981 1232 tum
1008 1157 1111 1232 Vario
1135 1156 1257 1231 suffra·

279 1293 379 1379 gatus
403 1293 482 1370 est;
510 1279 596 1356 illud
621 1279 778 1378 adjiciens
798 1333 809 1372 ,
835 1271 961 1380 quod,
998 1279 1025 1351 si
1055 1299 1161 1379 quem
1186 1279 1261 1376 ipsc
1344 1329 1348 1336 -

280 1402 395 1475 virum
419 1382 707 1474 absolutissimum
732 1411 818 1472 esset
841 1397 1047 1493 selecturus,
1075 1400 1131 1473 cui
1154 1408 1262 1497 nepo·

278 1532 351 1592 tem
376 1544 511 1614 suum,
538 1521 637 1618 cujus
661 1518 764 1616 gratia
788 1519 850 1591 iter
886 1515 1064 1617 Neapolim
1103 1542 1257 1615 suscepe-

279 1651 362 1733 rat,
391 1637 635 1711 iustituendum
661 1637 940 1728 commendaret3
968 1663 1081 1712 unum
1106 1639 1258 1737 profecto

278 1759 495 1833 Gotunnium
521 1757 583 1831 sibi
608 1771 691 1832 esset
714 1759 750 1829 in
774 1755 810 1829 id
835 1757 1050 1856 sepositurus.
1078 1757 1191 1860 Atque
1210 1787 1253 1833 ex

276 1877 343 1952 hoc
365 1877 586 1976 potissimum
609 1876 737 1966 factum
763 1888 842 1968 est,
884 1887 924 1950 ut
952 1874 1143 1950 Cotunuius
1179 1875 1258 1949 bre-

278 1999 313 2074 vi
338 1997 425 2098 post]
451 1999 606 2098 tempore
633 1996 785 2071 medicus
811 1996 946 2072 Domus
972 1997 1144 2096 Augustae
1168 1997 1263 2073 Nea-

274 2117 437 2219 politanae
460 2121 711 2194 renuntiaretur
731 2145 743 2208 ;
771 2099 1031 2200 anno‘scilieeti
1043 2123 1117 2220 789
1137 2175 1150 2216 ,
1169 2118 1257 2196 dum

277 2239 307 2312 F
309 2239 510 2315 errlinaudus
533 2265 592 2312 rex
616 2250 726 2311 noster
757 2237 930 2311 Austriam
955 2253 1163 2338 peragraret:
1192 2268 1254 2315 na-

276 2373 418 2470 ctusque
442 2359 523 2432 inde'
550 2361 758 2434 occasionem
783 2361 844 2432 iter
881 2385 986 2432 suum
1018 2355 1251 2458 germanicum

278 2475 461 2577 descripsit.
490 2475 644 2550 Eandem
671 2475 915 2576 simplicitatem
941 2491 974 2550 et
990 2476 1185 2577 dignitatem
1211 2482 1258 2554 si-

278 2596 384 2692 mul,
430 2625 498 2699 qua
523 2622 604 2669 usus
628 2597 737 2671 luerat
759 2611 882 2694 antea,
909 2601 942 2672 et
966 2599 1001 2672 in
1041 2599 1117 2674 aula
1155 2603 1260 2700 Regia-
1385 2631 1386 2654 r

277 2720 446 2813 servavit,
474 2719 600 2816 optime
630 2743 664 2791 se
689 2721 724 2792 in
748 2718 909 2793 omuibus
951 2721 1093 2821 gerendo
1125 2751 1136 2796 t
1179 2737 1259 2798 tum

277 2837 372 2939 quod
396 2837 516 2910 datum
541 2837 649 2910 fuerat
674 2839 826 2911 muueris
851 2837 1002 2934 fideliter,
1023 2851 1138 2940 ut'par
1162 2856 1257 2937 erat,
1373 2875 1385 2888 ν

280 2959 478 3060 assidueque
502 2957 690 3053 obeundo,
718 2971 797 3032 tum
822 2957 906 3032 illud
942 2961 1170 3060 prospiciendo
1212 2975 1254 3035 ut
1383 3061 1384 3066 ἵ

261 3077 363 3160 ,bene
389 3078 430 3151 de
455 3079 617 3152 universis
642 3093 839 3154 mereretur.
867 3081 988 3182 Neque
1025 3109 1178 3183 unquam
1213 3111 1260 3157 ex
1383 3081 1384 3112 ³

278 3225 345 3290 eo,
374 3195 572 3270 difficillimis
609 3198 849 3296 temporibus,
878 3200 993 3273 audire
1029 3199 1123 3274 licuit
1161 3203 1258 3304 quod
1382 3259 1383 3262 ,

278 3344 476 3420 quenquam
513 3317 680 3392 offendere
713 3319 766 3392 vel
788 3321 989 3393 minimum
1019 3338 1158 3420 posset.
1199 3323 1259 3402 Sic

279 3443 346 3540 egit
379 3441 412 3512 in
449 3440 524 3516 aula
563 3439 626 3513 Vir
649 3439 735 3514 ille.
776 3439 919 3515 Utinam
944 3455 977 3514 et
1003 3471 1092 3517 nunc
1125 3443 1258 3520 ibidem

274 3558 426 3660 plerique
463 3585 498 3632 se
523 3585 641 3634 omues
674 3571 817 3660 gerant,
852 3563 993 3662 ejusque
1012 3565 1171 3662 ¹uestigiis
1202 3567 1261 3638 iu-

277 3677 461 3750 haereant!
790 3689 797 3696 '

376 3795 520 3870 Difficile
545 3797 628 3869 leret
653 3795 826 3890 evolvere,
854 3824 893 3871 ac
916 3795 1106 3898 singillatim
1130 3821 1288 3902 *negoss

278 3917 324 3989 tia
348 3916 462 3990 omnia
501 3943 669 3991 recensere
694 3943 779 4018 quae
805 3917 901 4015 gessit
930 3917 1152 4009 Cotunnius3
1189 3949 1260 3996 res-

280 4063 345 4141 que
370 4060 516 4135 omues,
543 4063 684 4138 quarum
702 4037 886 4137 procuratio
903 4040 973 4138 ejus
998 4038 1076 4114 fidei
1101 4041 1263 4120 mandata
