2756 4874
527 483 660 574 .(6¹)

99 657 175 732 dat.
204 655 301 731 Haec
327 649 459 726 etenim
483 648 634 725 anterior
660 673 738 750 pers
762 647 950 749 perlatum
965 675 1007 726 ae
1024 677 1087 732 re·

97 781 164 854 loti
191 772 406 876 triangulare
431 767 664 872 ligamentum
689 769 735 844 ab
760 770 833 872 ipsa
862 787 1008 862 ortum,
1051 788 1087 850 et

98 899 135 970 in
172 893 349 970 loreolam
385 895 608 966 exsistentem
645 915 748 989 supra
783 889 875 966 idem
913 893 1087 972 fenestrae
1203 903 1206 912 ’

99 1029 301 1090 extremum
325 1013 498 1085 insertum
523 1011 570 1082 ita
596 1007 784 1098 firmetur,
811 1023 881 1100 ot,
915 1012 984 1083 nisi
1024 1024 1088 1084 οο-

101 1133 201 1206 tabili
229 1129 447 1228 viadhibita
467 1181 479 1219 ,
505 1127 656 1228 separari
684 1153 753 1200 ιοο
772 1129 894 1226 possit.
913 1133 993 1223 Qua
1011 1157 1088 1204 cer·

105 1271 143 1328 te
165 1273 213 1328 er
240 1277 278 1325 re
302 1249 511 1349 dependet,
535 1248 632 1350 quod
657 1247 718 1322 ubi
757 1263 904 1348 stapes,
946 1265 1083 1325 resecto

106 1375 281 1462 tendine,
309 1374 373 1471 qui
398 1395 463 1444 suo
488 1373 593 1470 capiti
619 1369 770 1443 insertos
795 1381 874 1502 esp,
891 1371 1088 1448 asenestre

100 1492 197 1566 orali
223 1491 416 1564 extrahitur
431 1545 441 1580 ,
455 1491 560 1564 facile
572 1490 746 1592 posterior
761 1489 857 1564 basis
873 1515 953 1593 pars
971 1507 1087 1584 exeat,

98 1611 290 1688 difficulter
315 1611 481 1684 anterior.

204 1727 397 1806 XXXVI.
415 1729 495 1804 Hoc
521 1753 603 1806 sane
629 1730 863 1831 ligamentum
888 1729 926 1803 in
953 1731 1086 1808 recenti

101 1879 192 1928 eure
220 1848 341 1950 paullo
367 1849 556 1950 diligenter
582 1851 811 1952 perquisitum
839 1851 989 1951 quisque
1021 1879 1088 1956 po·

99 1973 185 2046 terit
210 1968 510 2069 depraehendere,
526 1969 681 2042 maxime
706 1970 735 2042 si
753 1969 798 2042 ab
814 1967 974 2059 humore,
993 1969 1109 2043 aliisi

100 2117 174 2194 qne
199 2089 440 2166 membraneis
466 2087 757 2188 productionibus
781 2088 893 2186 pelvis
919 2087 1090 2164 fenestrae

101 2210 218 2287 nvelis
244 2211 290 2283 sit
315 2210 384 2283 rite
409 2207 562 2282 deterso.
600 2207 680 2299 Qua
719 2207 904 2309 diligentia
944 2210 1091 2283 manife-

101 2348 200 2407 stum
228 2331 300 2420 fit,
327 2355 399 2402 non
425 2327 684 2404 extremitatem
712 2321 802 2402 banc
828 2328 938 2404 solam
966 2329 1090 2407 baseos

101 2446 264 2549 stapedis
289 2443 462 2548 singulari
489 2445 688 2548 ligamento
715 2445 910 2536 devinciri,
934 2449 998 2524 sed
1013 2477 1090 2525 om·
1164 2467 1168 2476 '

99 2595 190 2644 nem
209 2566 367 2668 ejusdem
387 2566 561 2642 ambitum
577 2593 662 2666 curn
678 2569 853 2643 fenestrae
869 2569 981 2646 ovalis
996 2597 1090 2646 mar·

101 2692 190 2791 gine
217 2689 410 2788 ligamento
435 2689 568 2788 pariter
595 2677 770 2790 deligari3
800 2690 848 2763 ira
875 2700 1020 2782 mmeu,
1048 2703 1090 2766 ut

104 2813 247 2884 elevato
274 2807 473 2907 paullulum
501 2808 719 2912 depressove·
750 2811 801 2884 sie
837 2812 1011 2914 stapede,
1049 2824 1090 2887 ut

106 2953 236 3028 perum
263 2953 282 2998 a
307 2930 375 3000 situ
402 2953 463 2999 suo
490 2927 711 3014 deturbetur,
731 2927 864 3003 nullam
889 2931 1088 3006 distantiam

105 3050 142 3120 ei
169 3075 255 3122 cum
281 3046 434 3122 fenestre
461 3045 554 3122 ovali
578 3047 798 3122 intercedere
825 3048 1008 3124 manifeste
1023 3049 1087 3124 de-

103 3179 295 3244 monstret.
324 3167 402 3241 Imo
429 3191 534 3267 saepe
559 3163 684 3244 relicto
711 3169 878 3269 stapede,
919 3171 1091 3272 quemad-

101 3284 257 3358 modum
283 3302 406 3360 nature
430 3283 607 3388 deligatus
632 3301 716 3380 est,
759 3300 794 3360 et
826 3284 895 3390 per·
936 3288 1091 3390 aliquem

102 3405 391 3506 aquaeductuum
417 3407 491 3506 (ι),
506 3409 660 3508 impulso
680 3408 714 3484 in
734 3407 980 3510 labyrinthum
997 3435 1095 3485 men·

103 3525 206 3596 eurio
222 3555 236 3616 ¹,
264 3549 339 3624 qun
367 3549 527 3600 cessurus
551 3551 648 3602 novo
672 3529 816 3628 corpori
841 3527 971 3603 lutmor
987 3531 1090 3632 laby-

100 3641 263 3716 rinthum
286 3643 440 3743 'implens
464 3647 598 3746 (κω)
616 3649 786 3752 effugium
804 3663 999 3750 quaereret,
1016 3653 1089 3724 ele·

100 3761 179 3832 vari
205 3759 350 3859 quidem
378 3789 419 3837 eo
445 3763 655 3865 stapedem,
694 3795 734 3842 ac
773 3771 929 3869 maxime
971 3771 1087 3845 attolli

101 3901 227 3949 versos
252 3893 486 3980 tympanum,
512 3881 602 3957 nibil
627 3901 745 3960 antem
772 3885 928 3969 humoris
958 3886 992 3964 in
1011 3889 1087 3988 pel·

100 3995 180 4066 uim
206 3995 378 4072 exsudare
404 4006 589 4103 conspexi.
619 4003 798 4083 Circulare
828 4007 902 4090 hoc
936 4011 1091 4116 stapedis
