2756 4874
729 457 863 549 (53²)

347 635 357 676 '·
388 625 472 700 XCr‘
496 625 549 698 Ita
570 633 658 725 quot
683 625 820 698 vicibus
837 645 963 725 corpus
977 649 1107 700 sonans
1135 631 1268 721 tremit,
1289 659 1293 673 ⁴

288 743 518 845 impelluntur
544 748 643 820 nervi
671 769 795 818 omnes
821 743 1044 843 labyrinthi(
1063 767 1153 819 xcvi
1167 775 1204 819 11
1227 749 1268 845 ),

283 878 319 936 et
357 879 464 964 prout
503 865 651 939 validior
670 905 672 915 v
690 867 915 939 remissiurve
949 863 1085 940 sonori,
1112 872 1267 968 corporis

281 997 416 1059 tremor
442 997 520 1072 est,
549 985 665 1058 nervis
708 985 899 1073 acusticis,
927 985 1036 1070 major
1068 987 1266 1075 ,minorve

281 1119 398 1177 motus
424 1108 719 1178 communicatur.
748 1103 855 1180 Nervi
870 1117 1052 1202 acceptum
1073 1120 1266 1185 tremorem

281 1227 463 1298 communi
489 1225 644 1299 referunt
671 1219 856 1313 sensorio,
885 1223 1091 1326 retrogrado
1116 1225 1266 1300 fortasse

279 1359 381 1418 motu
406 1345 696 1431 tluidinervosi,
725 1360 762 1418 et
788 1350 905 1420 anime
921 1347 956 1416 in
975 1369 1018 1416 eo
1044 1371 1174 1419 sonum.
1188 1375 1268 1448 per·

278 1464 374 1561 cipit.
405 1465 564 1565 Apparet
590 1487 633 1536 ex
661 1464 755 1545 huc,
787 1465 1021 1541 seusatiuuem
1047 1465 1202 1540 ¹nuditus
1227 1469 1266 1542 in

276 1593 429 1662 tremore
455 1583 646 1655 consistere
672 1607 859 1654 nervorum
898 1580 1155 1673 ocustieorum,
1185 1608 1266 1656 ens⁴

278 1700 594 1799 cterespondente
620 1704 764 1780 tremori
791 1703 947 1802 corporis
988 1705 1169 1777 sonantis.
1201 1703 1266 1776 Vi·

185 1887 188 1896 ,
278 1817 450 1920 deturque
481 1874 492 1908 ,
532 1835 692 1896 naturam
727 1845 938 1920 congereres
969 1823 1264 1912 sensatioribus,

261 1957 367 2042 'quac
393 1944 481 2015 intre
527 1970 589 2016 nos
627 1943 760 2016 debent
799 1943 973 2031 excitari,
1018 1943 1265 2040 impressiones

276 2061 393 2152 nervis
421 2065 546 2136 uostris
575 2061 830 2136 communicari
858 2061 1033 2134 voluisse.
1062 2060 1110 2130 Et
1135 2088 1263 2161 quem-

276 2179 471 2260 admodum
497 2186 533 2256 iu
561 2184 667 2270 visu,
695 2206 889 2278 corporum
927 2181 1101 2278 imagines
1145 2204 1265 2277 perce·

275 2302 385 2400 pturi,
402 2303 596 2403 imaginem
622 2306 658 2374 iu
685 2305 793 2374 retine
822 2303 952 2398 pictam
977 2299 1184 2398 accipimus,
1213 2303 1263 2374 sic

274 2420 395 2494 auditu
421 2438 611 2497 tremorem
637 2447 822 2520 corporum
840 2421 1102 2518 haurimuspori
1129 2436 1262 2496 tremo·

274 2568 314 2614 re
340 2543 377 2614 in
403 2545 564 2616 acusticis
589 2547 707 2617 nervis
734 2543 910 2614 excitato.
950 2538 1008 2612 Ut.
1029 2541 1264 2640 quemadmw

273 2660 362 2736 durn
389 2684 492 2734 sonus
514 2665 551 2734 in
577 2675 676 2736 motu
704 2659 888 2748 consistit,
916 2670 1014 2730 motu
1043 2660 1150 2732 etiem
1184 2685 1263 2734 uer·

178 2779 180 2788 ’
271 2803 399 2854 vorum
424 2781 679 2880 conciperetur.

371 2900 472 2974 XCI.
503 2903 775 3002 lntegm'igitur
791 2900 971 3000 perceptio
998 2902 1108 2991 soni,
1134 2903 1171 2975 iu
1188 2905 1260 2976 sin·

269 3019 437 3118 gulorum
464 3037 657 3099 tremorum
683 3048 702 3092 u
728 3033 870 3094 sonante
906 3013 1054 3117 corpure
1080 3020 1260 3095 editorum

269 3143 499 3240 perceptione
527 3143 685 3214 consistit
705 3179 732 3232 ,1
761 3155 865 3242 atque
892 3142 1009 3214 anima
1048 3142 1261 3213 tumwinte-
1367 3219 1368 3242 ,

267 3277 376 3358 grum
402 3264 556 3362 aliquem
599 3289 742 3336 sonum.
763 3265 941 3362 percipit,
985 3287 1065 3334 cum
1108 3262 1258 3361 plenum
1367 3329 1368 3356 ,

268 3384 342 3478 ejus
367 3396 578 3456 tremorum
595 3390 785 3458 numerum
813 3381 994 3483 agnoscit.
1037 3379 1089 3452 Ita
1117 3379 1256 3456 similes

265 3501 417 3579 dicimus
443 3529 571 3594 sonos,
601 3505 737 3604 quoties
764 3504 928 3578 eumdem
956 3501 1258 3601 incutroquetre'-

265 3644 408 3700 morum
438 3649 626 3696 numerum
653 3623 881 3723 percipimus.
911 3601 1002 3696 Surit
1025 3623 1137 3719 igitur
1173 3647 1257 3697 uer·
1367 3689 1368 3728 3

265 3745 469 3840 vi¹acostici
511 3747 612 3844 quasi
652 3742 803 3818 chordae
843 3743 878 3814 in
922 3741 1060 3843 singulo
1096 3757 1255 3818 tremore

263 3851 381 3937 sonori
409 3867 565 3967 corporis
593 3862 703 3940 semel
742 3859 969 3952 oscillantes,
1011 3876 1130 3962 totque
1165 3887 1256 3935 cum

264 3983 427 4062 audimus
451 3987 700 4087 impressiones
711 3981 1091 4088 ‚cerebrosumeretim
1117 3979 1255 4078 impen-
