2790 4872
129 655 222 711 nova
250 645 345 743 post
375 627 488 712 huno
521 625 753 734 Casseriua,
786 625 1078 743 novaqueF0-

28 835 29 842 a
124 763 226 874 lina,
271 763 442 852 meliora
473 761 544 848 Du
575 763 825 878 Verneyus‚
873 765 1098 852 illustriora

28 975 29 996 t
125 900 338 1014 Velsetva,
371 929 412 989 et
445 901 785 1012 Cessebohmins,
819 936 866 988 ac
897 905 1093 1020 pleraque

28 1049 29 1052 ‘
127 1037 266 1154 louge,
297 1064 392 1156 post
423 1063 489 1124 tot
521 1063 737 1158 tantosque
769 1045 905 1150 viros,
939 1040 1103 1128 delini«

128 1201 194 1288 ta,
226 1181 490 1294 Morgagnus.
524 1181 716 1300 Nempe,
759 1185 857 1298 quia
904 1205 1093 1272 naturam
1142 1191 1143 1196 ’

128 1349 330 1434 uunquam
362 1323 450 1404 sine
495 1321 631 1404 fructu
683 1319 966 1429 consulenda,
1010 1345 1096 1411 uec·
1145 1412 1152 1440 ί

126 1483 212 1572 poet
242 1459 356 1544 mille
386 1461 549 1545 saecula
566 1457 859 1576 praecludetur
874 1460 1092 1577 inquiren·

130 1599 229 1684 tibae
257 1604 419 1684 occasio
450 1631 555 1684 nova
590 1599 830 1710 detegendi.

175 1737 386 1860 Equidem
416 1771 512 1824 vero
544 1745 585 1824 in
619 1741 767 1853 hisegn
788 1743 963 1856 paginis,
981 1768 1089 1860 qua·

125 1907 208 1962 ruru
240 1878 462 1964 lectionem
496 1881 737 1966 censoribus
769 1880 961 1964 omnibus
987 1907 1103 1963 com·

125 2023 266 2130 mitto,
300 2019 499 2108 candidus
522 2052 667 2107 rerum
702 2041 891 2105 naturam
935 2049 1101 2106 enarra-

126 2163 189 2269 ri,
221 2161 360 2278 qualis
390 2163 493 2246 milri
525 2193 608 2246 non
641 2162 786 2272 semel,
819 2183 890 2248 aut
923 2164 1005 2271 bis,
1024 2153 1101 2244 sed

126 2307 279 2388 centies
310 2309 414 2388 visa.
450 2299 624 2390 Canales
639 2300 681 2384 iu
698 2331 796 2385 aure
817 2301 976 2384 interna
993 2296 1103 2414 (quo

128 2463 196 2550 ego
228 2444 403 2526 nomine
434 2442 604 2526 unicum
636 2447 760 2528 sumai
794 2441 1098 2558 labyrinthum,

128 2583 269 2668 relicto
300 2586 408 2669 auris
438 2583 646 2670 exterioris
679 2585 843 2667 nomine
862 2583 1108 2693 auriculae,

130 2744 167 2808 et
198 2728 354 2812 meatui
387 2723 614 2831 auditorio,
631 2747 670 2807 et
686 2729 793 2808 auris
815 2721 972 2812 mediae
990 2745 1102 2840 tym-

130 2891 236 2976 pano
272 2865 292 2977 )
324 2862 431 2950 duos
463 2861 664 2950 detexisse
695 2867 796 2948 mihi
831 2869 941 2950 visus
973 2891 1104 2982 sum,·

131 2997 299 3121 dixique
331 3005 383 3088 ab
416 3004 550 3088 officio
582 3003 918 3123 uqnoeduetnc3
961 3029 1004 3092 et
1053 3033 1109 3092 no

131 3144 345 3256 proposita
377 3173 522 3228 corum
554 3143 738 3250 lubrice,
772 3147 889 3260 quasi
923 3145 1098 3260 nullius}

133 3301 199 3364 aut
232 3279 520 3399 despiciendae
554 3282 738 3367 utilitatis
771 3305 935 3390 essent,
981 3313 1104 3372 usum

133 3423 283 3506 callide
308 3427 561 3541 praeteriisse
591 3423 791 3520 viderer,
839 3428 948 3509 huuc
990 3417 1118 3514 simul

137 3566 308 3650 attexui.
342 3561 435 3648 Hoc
465 3587 511 3646 ut
542 3561 715 3649 lucerent
750 3569 936 3678 sequenti
980 3569 1112 3652 ratio-

135 3729 187 3785 ne
218 3735 385 3788 exorsua
417 3733 526 3788 sunr.
565 3703 775 3822 Descripsi
818 3711 999 3822 primum
1049 3702 1113 3789 la·

28 3919 29 3928 r
135 3837 329 3952 byrintlri
364 3843 562 3926 lubricam
593 3843 788 3948 breviter,
823 3839 895 3926 sed
922 3875 1003 3959 qua
1025 3873 1118 3930 ma·

137 3985 254 4068 xitna·
280 4015 377 4070 cura
409 3987 560 4100 potui,
597 4003 688 4071 tunt
722 3985 836 4070 nervi
874 3987 1011 4073 mollis
1054 3991 1120 4076 in-
