2760 4874
743 462 880 552 ‹aa›

298 632 344 708 ad
369 628 555 706 cerebrum
583 627 709 702 lentior
735 627 901 726 appulsus
927 639 1007 718 est;
1033 625 1206 704 fibrarum
1230 629 1283 704 in·

300 755 346 826 de
371 751 564 851 procedens
591 749 782 849 exagitatio
808 747 1010 839 minuitur,
1045 759 1167 847 pacata
1206 775 1283 826 om·

217 871 222 880 '
296 870 355 944 nia
381 872 442 944 uni
468 869 588 942 auimo
613 878 763 965 parent.
793 865 911 939 Labor
936 868 1039 966 ipse,
1077 891 1187 968 quem
1228 895 1283 944 ce-

294 989 399 1061 rebro
425 987 524 1062 affert
548 981 742 1060 meditandi
769 988 945 1060 contentio
965 981 1159 1076 ,diuturna
1186 1011 1283 1060 exer·

296 1109 462 1184 citatione
488 1109 531 1180 fit
564 1107 708 1196 minor,
735 1109 887 1208 partim,
931 1105 1096 1208 expedita
1137 1108 1283 1183 mobili·

292 1241 365 1302 tate
390 1227 587 1318 fibrarum,
616 1224 838 1302 assuetudine
879 1251 916 1300 se
957 1223 1170 1318 movendi3'
1201 1252 1281 1326 par·

289 1351 358 1421 tim
383 1349 499 1422 fructu
525 1350 667 1438 victus,
696 1373 804 1448 quem
838 1349 929 1446 parit
971 1344 1157 1422 meditatio
1203 1346 1281 1447 ple·

292 1469 479 1542 nissimum
505 1468 726 1569 voluptatis.
767 1465 861 1542 Nam
887 1493 926 1542 ea
962 1465 1110 1541 demum
1152 1465 1280 1544 huma·

294 1613 342 1660 no
370 1589 486 1662 animo
513 1613 595 1662 vera
621 1587 785 1686 voluptas
809 1588 922 1687 posita
948 1598 1031 1679 est,
1059 1611 1169 1686 quam
1194 1611 1277 1661 con·

297 1706 444 1779 scientia
468 1703 613 1805 praebet
638 1691 800 1804 cognitae
839 1703 1026 1780 veritatis.
1072 1704 1193 1796 Quam
1220 1707 1276 1808 qui

296 1837 439 1910 amant,
465 1825 527 1923 qui
551 1835 697 1914 tenent,
723 1824 785 1923 qui
813 1821 1040 1922 loquuntur,
1075 1824 1102 1894 ii
1129 1823 1277 1897 demum

293 1941 386 2016 milri
422 1943 599 2018 videntur
624 1944 782 2016 animum
807 1939 965 2016 habere.
996 1939 1070 2012 Sed
1106 1938 1143 2013 id
1169 1945 1280 2015 maxi-

292 2087 397 2139 mum
422 2077 607 2165 corruptae
632 2077 774 2138 naturae
799 2076 1050 2162 argumentum
1076 2075 1154 2149 est,
1183 2063 1279 2164 quod

293 2186 482 2260 veritatem
507 2187 702 2260 timemus:
727 2207 835 2284 quam
861 2181 890 2253 si
915 2195 956 2254 ut
980 2202 1107 2254 omnes
1121 2203 1160 2254 se
1175 2205 1282 2282 quae·

290 2328 371 2376 rere
396 2303 603 2401 profitentur
638 2304 723 2394 ,ita
765 2323 889 2374 omnes
929 2296 1120 2400 diligerent
1150 2297 1280 2392 ,nihil
1368 2349 1369 2360 η

294 2435 385 2496 esset
410 2425 480 2498 vita
506 2421 645 2498 dulcius
665 2421 903 2522 ..Sapientiae
929 2433 1045 2494 tamen
1085 2419 1206 2519 cupidi
1232 2422 1279 2493 ita
1368 2409 1369 2418 ἵ

290 2542 478 2616 veritatem
519 2541 588 2616 sibi
626 2539 829 2614 sectandam
869 2554 1098 2640 proponent,
1125 2551 1192 2632 ut,
1220 2539 1278 2614 vel

292 2661 323 2735 si
348 2661 392 2734 ab
417 2659 518 2734 hoste
544 2660 695 2736 obtineri
721 2674 847 2762 queat,
875 2662 912 2734 in
939 2665 1011 2760 ejus
1037 2675 1151 2736 castra
1183 2674 1278 2735 tram

294 2791 478 2854 scurrant:
508 2801 623 2880 eoque
647 2778 801 2871 ardore,
836 2791 942 2880 atquc
981 2781 1177 2856 constantia
1216 2807 1279 2857 ve-

292 2911 376 2976 rum
417 2913 615 3002 quaerent,
644 2915 682 2974 ut
723 2899 838 2974 nullos
864 2904 933 2976 sibi
966 2903 1122 2977 veritatis
1163 2927 1273 3004 agno-

291 3019 440 3094 scendae
466 3023 554 3095 fines
579 3023 815 3096 constituunt:
842 3047 1088 3125 quaecumque
1104 3037 1276 3098 suutom·

289 3141 346 3214 nia
372 3166 454 3213 suae
497 3139 643 3215 credant
666 3143 857 3242 cognitioni
901 3156 1049 3242 parata.
1076 3140 1172 3216 Nam
1198 3157 1276 3216 tarr·

183 3313 188 3326 .
288 3272 372 3352 tae,
399 3287 505 3361 quam
529 3260 601 3336 illis
626 3265 837 3365 praecipio,
864 3263 973 3336 animi
999 3262 1234 3336 contentionis
1262 3319 1274 3356 ,

288 3391 404 3451 tantae
429 3381 659 3482 vigilantiae,
686 3395 803 3456 tantae
827 3381 1006 3456 facultatis
1050 3381 1276 3472 meditandi,

288 3498 349 3582 lric¹
372 3497 517 3573 demum
541 3503 676 3578 fructus
697 3517 781 3607 est,
807 3527 920 3604 posse·
935 3529 1055 3578 rerum
1090 3504 1276 3578 veritatem
1365 3537 1366 3556 2

289 3643 480 3720 agnoscere
499 3671 517 3706 ,·
536 3648 644 3721 quam
668 3637 794 3696 natura
820 3621 1014 3712 obstrusit,
1040 3646 1112 3695 uon
1150 3637 1190 3694 ut
1217 3647 1276 3693 oc-

188 3734 193 3744 '
288 3738 449 3827 culeret,
479 3738 542 3812 sed
569 3753 605 3812 ut
632 3738 725 3813 illius
749 3741 1026 3814 irritaret-nobis
1057 3739 1200 3814 insitam
1225 3740 1274 3812 fa-

287 3884 383 3934 mem
400 3913 413 3945 ,
442 3872 477 3931 et
503 3873 636 3932 nostros
663 3862 801 3934 animos
826 3859 871 3932 ad
897 3859 1065 3934 virtutem
1093 3871 1268 3934 acueret.

387 3975 438 4056 X.
458 3975 560 4058 Cum
587 3980 848 4058 omnisautem
867 3980 917 4056 ,ia
957 3978 1102 4058 homine
1127 3977 1271 4054 rationis
