2756 4874
730 395 875 488 ‹n›

301 560 431 664 ductus
456 561 561 638 latera
587 621 597 655 ‚
625 563 653 638 si
679 579 846 668 exparte
882 566 1043 644 caritatis
1081 569 1283 662 calvariae,

297 683 410 762 durae
436 689 558 760 matris
584 700 789 780 tegumenta
816 702 942 764 exutae
984 691 1282 791 canapicinutuc,
1365 767 1366 802 ἶ

295 802 366 900 liae
392 806 596 878 semicanali
626 802 794 882 distincta
835 810 1085 884 observantur·
1126 817 1205 907 Qua
1248 818 1284 914 in
1365 837 1366 914 l

296 925 538 1002 observatione
567 923 651 996 llaec
679 927 783 998 etiam
810 929 982 1004 memoria
1025 929 1132 1029 digna
1158 931 1284 1032 depre·

294 1048 432 1144 hendi,
460 1051 558 1152 quod
586 1049 690 1124 latius
719 1075 858 1149 semper
882 1049 1043 1127 rideatur
1067 1051 1194 1128 harum
1234 1055 1284 1126 la·

294 1184 410 1244 terum
452 1173 647 1270 posterius,
695 1173 737 1244 ad
775 1175 919 1272 occiput
958 1197 1171 1246 conversum
1209 1225 1222 1262 ‚
1251 1189 1283 1246 et
1365 1169 1366 1176 '

220 1309 223 1317 “
291 1291 537 1394 quodversus
565 1291 657 1366 latus
682 1293 778 1365 idem
807 1318 911 1367 cavea
943 1294 1181 1392 aquaeductus
1208 1320 1285 1366 ma·
1365 1343 1366 1402 p

290 1413 388 1486 xime
413 1414 459 1484 sit
485 1410 652 1513 proclivis
682 1469 689 1483 .
718 1411 833 1510 Hujus
859 1412 1079 1487 semicanalis
1103 1418 1215 1515 prima
1246 1441 1282 1484 o·

239 1543 241 1554 ’
287 1538 372 1638 rign
399 1563 468 1609 non
496 1537 541 1606 ab
566 1533 634 1608 lroc
662 1540 735 1633 ipso
763 1550 877 1610 tamen
906 1536 1090 1610 intervallo
1110 1551 1190 1629 est,
1219 1539 1282 1612 sed
1365 1535 1366 1542 '

287 1683 306 1732 a
347 1671 487 1733 suntme
523 1661 659 1732 derivat
697 1659 945 1758 aquaeductu,
974 1663 1038 1762 qni
1078 1672 1147 1732 tota
1184 1677 1282 1734 ente·

283 1784 370 1856 riori
397 1799 495 1883 parte
522 1783 673 1856 declivis
706 1781 805 1854 liunc
832 1784 991 1881 sequitur
1018 1783 1281 1856 semicanalem.
1365 1793 1366 1858 f

171 1975 172 1982 ,
286 1904 401 2006 Saepe
426 1903 484 1978 hic
510 1919 628 1978 tamen
665 1905 681 2004 (
712 1920 746 1976 et
787 1903 991 2005 hujusmodi
1032 1903 1278 2003 exemplorum

287 2028 398 2130 longa
423 2028 516 2127 apud
543 2054 605 2102 nos
632 2029 739 2101 series
766 2025 941 2101 invenitur
968 2023 1006 2116 l,
1035 2041 1279 2098 succrescente
1365 2031 1366 2042 ’

286 2175 376 2234 osse,
403 2151 439 2222 iu
458 2151 639 2250 integrum
655 2150 811 2220 canalem
839 2160 909 2220 tntu
926 2174 963 2217 ea
976 2163 1072 2244 parte
1086 2151 1276 2226 conflatur,

285 2297 376 2376 quae
401 2297 465 2369 peu
491 2273 637 2344 inlerius
662 2270 752 2341 latus
770 2271 898 2366 petrosi
926 2272 1014 2342 ossis
1042 2271 1221 2342 excurrit.

385 2390 563 2462 LXXVI.
591 2388 657 2460 Ille
684 2402 800 2464 autem
828 2413 953 2488 margo
979 2389 1102 2460 orilicii
1130 2390 1275 2465 inferio·
1365 2471 1366 2482 χ

279 2516 330 2588 ris
355 2509 521 2586 cochleae
545 2509 816 2611 aquaeductus,
844 2509 905 2608 qui
930 2506 974 2578 ad
1003 2531 1128 2580 cavum
1157 2507 1275 2581 calva·

278 2635 352 2709 riae
377 2637 531 2736 pertinet
558 2631 645 2732 (b),
672 2635 828 2705 maxima
857 2669 1006 2714 nirenta
1044 2631 1270 2722 constantia,
1365 2637 1366 2680 ἶ

278 2783 381 2832 arcus
407 2756 557 2830 farinam
583 2770 850 2856 repraesentat,
887 2761 988 2856 cujus
1028 2768 1123 2829 tanta
1162 2779 1271 2854 saepe

147 2883 149 2888 ’
275 2883 452 2984 elegantia
478 2895 544 2964 est,
558 2894 596 2952 ut
614 2879 818 2980 spectatoris
835 2881 993 2950 animum
1019 2875 1269 2950 attentionem·

276 3029 347 3106 que
384 2993 487 3076 facile
514 2999 558 3072 ad
584 3027 621 3074 se
637 3013 829 3076 convertat.
850 3001 962 3074 Arcus
978 2995 1037 3072 hic
1063 2997 1173 3072 veluti
1199 3001 1269 3100 ja·

274 3143 392 3196 naam
417 3121 649 3222 aquaeductui
673 3119 778 3210 sistit,
800 3147 861 3220 per
885 3146 1017 3224 qaam,
1043 3119 1267 3193 descendens

201 3308 205 3314 .
276 3245 322 3318 ab
347 3243 568 3344 aquaeductu
583 3241 735 3331 litamur,
754 3243 845 3314 intra
871 3245 982 3316 cranii
998 3243 1189 3318 cavitatem
1215 3241 1270 3314 el'-
1365 3259 1366 3320 j

273 3361 435 3439 funditur
464 3419 473 3437 .
502 3361 618 3462 Hujus
643 3387 728 3436 vero
754 3363 891 3436 variare
932 3339 1020 3435 salet
1045 3363 1263 3464 amplitudo.
1365 3363 1366 3368 ’

273 3481 388 3583 Saepe
413 3496 533 3557 autem
557 3479 774 3582 peramplam
800 3481 852 3552 ita
866 3478 942 3553 vidi
964 3535 976 3570 ,
997 3495 1038 3556 ut
1064 3487 1170 3560 oculo
1198 3515 1264 3588 ap·
1351 3553 1361 3599 ι

96 3668 98 3679 ,
204 3629 208 3636 ’
276 3601 420 3701 plicata,
438 3602 557 3674 statim
574 3625 799 3702 progressum
818 3599 968 3694 canalis,
983 3607 1080 3681 viam
1093 3607 1264 3686 cochleae

268 3721 483 3811 affectantis,
499 3724 716 3822 apertissime
730 3721 1039 3822 deprehenderim
1059 3733 1217 3806 maxime
1233 3733 1265 3807 si

268 3845 358 3921 dura
384 3858 498 3919 matre
524 3841 639 3917 adhuc
666 3846 784 3917 omnia
806 3847 947 3950 integre
972 3848 1256 3930 abducebantur.
1365 3899 1366 3910 κ

642 3969 851 3990 m

315 4007 363 4096 (a)
386 4005 466 4072 nti.
491 4003 603 4096 aga.
631 4031 698 4100 pp.
723 4007 775 4098 ug.
802 4029 834 4076 α.
858 4009 895 4078 k.
922 3992 1015 4078 aaa(
1033 4033 1065 4078 2.
1090 4011 1126 4086 t.
