<?xml version="1.0" encoding="UTF-8"?>
<!DOCTYPE html PUBLIC "-//W3C//DTD XHTML 1.0 Transitional//EN"
    "http://www.w3.org/TR/xhtml1/DTD/xhtml1-transitional.dtd">
<html xmlns="http://www.w3.org/1999/xhtml" xml:lang="en" lang="en">
 <head>
  <title>
</title>
<meta http-equiv="Content-Type" content="text/html;charset=utf-8" />
  <meta name='ocr-system' content='tesseract 3.04.00' />
  <meta name='ocr-capabilities' content='ocr_page ocr_carea ocr_par ocr_line ocrx_word'/>
</head>
<body>
  <div class='ocr_page' id='page_1' title='image "./opusculamedica01cotugoog_0152.png"; bbox 0 0 2756 4874; ppageno 0'>
   <div class='ocr_carea' id='block_1_1' title="bbox 538 465 675 584">
    <p class='ocr_par' dir='ltr' id='par_1_1' title="bbox 538 465 675 584">
     <span class='ocr_line' id='line_1_1' title="bbox 538 465 675 584; baseline 0.007 -30"><span class='ocrx_word' id='word_1_1' title='bbox 538 465 675 584; x_wconf 65' lang='lat' dir='ltr'><strong>(ru)</strong></span> 
     </span>
    </p>
   </div>
   <div class='ocr_carea' id='block_1_2' title="bbox 84 627 1159 3366">
    <p class='ocr_par' dir='ltr' id='par_1_2' title="bbox 84 627 1159 3366">
     <span class='ocr_line' id='line_1_2' title="bbox 107 627 1097 732; baseline 0.002 -30"><span class='ocrx_word' id='word_1_2' title='bbox 107 629 217 718; x_wconf 82' lang='lat' dir='ltr'><strong>hum,</strong></span> <span class='ocrx_word' id='word_1_3' title='bbox 247 627 330 704; x_wconf 80' lang='lat' dir='ltr'><strong>elius</strong></span> <span class='ocrx_word' id='word_1_4' title='bbox 354 629 470 721; x_wconf 83' lang='lat' dir='ltr'><strong>mihi,</strong></span> <span class='ocrx_word' id='word_1_5' title='bbox 499 642 603 732; x_wconf 85' lang='lat' dir='ltr'><strong>atque</strong></span> <span class='ocrx_word' id='word_1_6' title='bbox 628 629 711 703; x_wconf 82' lang='lat' dir='ltr'><strong>alies</strong></span> <span class='ocrx_word' id='word_1_7' title='bbox 736 627 953 707; x_wconf 74' lang='lat' dir='ltr'><strong>difficultates</strong></span> <span class='ocrx_word' id='word_1_8' title='bbox 995 655 1097 706; x_wconf 65' lang='lat' dir='ltr'><strong>necea</strong></span> 
     </span>
     <span class='ocr_line' id='line_1_3' title="bbox 107 747 1102 852; baseline 0.004 -32"><span class='ocrx_word' id='word_1_9' title='bbox 107 747 189 820; x_wconf 86' lang='lat' dir='ltr'><strong>dere</strong></span> <span class='ocrx_word' id='word_1_10' title='bbox 214 748 473 837; x_wconf 78' lang='lat' dir='ltr'><strong>animadverti,</strong></span> <span class='ocrx_word' id='word_1_11' title='bbox 501 775 590 849; x_wconf 76' lang='lat' dir='ltr'><strong>quae</strong></span> <span class='ocrx_word' id='word_1_12' title='bbox 614 771 730 822; x_wconf 79' lang='lat' dir='ltr'><strong>meum</strong></span> <span class='ocrx_word' id='word_1_13' title='bbox 759 755 846 822; x_wconf 88' lang='lat' dir='ltr'><strong>mire</strong></span> <span class='ocrx_word' id='word_1_14' title='bbox 880 751 1102 852; x_wconf 57' lang='lat' dir='ltr'><strong>perplexim-³</strong></span> 
     </span>
     <span class='ocr_line' id='line_1_4' title="bbox 108 865 1090 970; baseline 0.008 -33"><span class='ocrx_word' id='word_1_15' title='bbox 108 879 179 938; x_wconf 83' lang='lat' dir='ltr'><strong>tem</strong></span> <span class='ocrx_word' id='word_1_16' title='bbox 203 865 392 966; x_wconf 77' lang='lat' dir='ltr'><strong>augebunt.</strong></span> <span class='ocrx_word' id='word_1_17' title='bbox 422 865 557 940; x_wconf 83' lang='lat' dir='ltr'>Recens</span> <span class='ocrx_word' id='word_1_18' title='bbox 585 894 670 966; x_wconf 84' lang='lat' dir='ltr'><strong>ergo</strong></span> <span class='ocrx_word' id='word_1_19' title='bbox 697 885 801 966; x_wconf 85' lang='lat' dir='ltr'><strong>ceput</strong></span> <span class='ocrx_word' id='word_1_20' title='bbox 842 867 951 945; x_wconf 80' lang='lat' dir='ltr'><strong>efferri</strong></span> <span class='ocrx_word' id='word_1_21' title='bbox 977 873 1090 970; x_wconf 76' lang='lat' dir='ltr'><strong>jussi,</strong></span> 
     </span>
     <span class='ocr_line' id='line_1_5' title="bbox 107 985 1099 1086; baseline 0.005 -30"><span class='ocrx_word' id='word_1_22' title='bbox 107 985 144 1056; x_wconf 87' lang='lat' dir='ltr'><strong>in</strong></span> <span class='ocrx_word' id='word_1_23' title='bbox 169 1010 242 1086; x_wconf 89' lang='lat' dir='ltr'><strong>quo</strong></span> <span class='ocrx_word' id='word_1_24' title='bbox 267 1009 341 1057; x_wconf 86' lang='lat' dir='ltr'><strong>rem</strong></span> <span class='ocrx_word' id='word_1_25' title='bbox 366 985 603 1085; x_wconf 84' lang='lat' dir='ltr'><strong>inquirendo,</strong></span> <span class='ocrx_word' id='word_1_26' title='bbox 631 986 701 1056; x_wconf 85' lang='lat' dir='ltr'><strong>vidi</strong></span> <span class='ocrx_word' id='word_1_27' title='bbox 721 1001 877 1083; x_wconf 82' lang='lat' dir='ltr'><strong>opertum</strong></span> <span class='ocrx_word' id='word_1_28' title='bbox 902 1013 920 1060; x_wconf 83' lang='lat' dir='ltr'><strong>e</strong></span> <span class='ocrx_word' id='word_1_29' title='bbox 948 1013 1006 1061; x_wconf 87' lang='lat' dir='ltr'><strong>me</strong></span> <span class='ocrx_word' id='word_1_30' title='bbox 1024 1013 1099 1060; x_wconf 65' lang='lat' dir='ltr'><strong>&#39;m</strong></span> 
     </span>
     <span class='ocr_line' id='line_1_6' title="bbox 112 1095 1096 1210; baseline 0.004 -36"><span class='ocrx_word' id='word_1_31' title='bbox 112 1117 165 1178; x_wconf 81' lang='lat' dir='ltr'><strong>tee</strong></span> <span class='ocrx_word' id='word_1_32' title='bbox 193 1107 288 1178; x_wconf 88' lang='lat' dir='ltr'><strong>sicco</strong></span> <span class='ocrx_word' id='word_1_33' title='bbox 314 1109 349 1177; x_wconf 91' lang='lat' dir='ltr'><strong>in</strong></span> <span class='ocrx_word' id='word_1_34' title='bbox 375 1131 452 1204; x_wconf 80' lang='lat' dir='ltr'><strong>osse</strong></span> <span class='ocrx_word' id='word_1_35' title='bbox 477 1107 667 1193; x_wconf 71' lang='lat' dir='ltr'><strong>conulem,</strong></span> <span class='ocrx_word' id='word_1_36' title='bbox 695 1131 844 1210; x_wconf 79' lang='lat' dir='ltr'><strong>vacuum</strong></span> <span class='ocrx_word' id='word_1_37' title='bbox 862 1095 1096 1208; x_wconf 74' lang='lat' dir='ltr'><strong>perviumque</strong></span> 
     </span>
     <span class='ocr_line' id='line_1_7' title="bbox 109 1221 1097 1326; baseline 0.004 -32"><span class='ocrx_word' id='word_1_38' title='bbox 109 1223 142 1294; x_wconf 95' lang='lat' dir='ltr'><strong>in</strong></span> <span class='ocrx_word' id='word_1_39' title='bbox 170 1221 238 1296; x_wconf 87' lang='lat' dir='ltr'><strong>hoc</strong></span> <span class='ocrx_word' id='word_1_40' title='bbox 264 1225 393 1322; x_wconf 78' lang='lat' dir='ltr'><strong>pariter</strong></span> <span class='ocrx_word' id='word_1_41' title='bbox 418 1247 504 1296; x_wconf 82' lang='lat' dir='ltr'><strong>esse.</strong></span> <span class='ocrx_word' id='word_1_42' title='bbox 534 1226 693 1324; x_wconf 84' lang='lat' dir='ltr'>Cumque</span> <span class='ocrx_word' id='word_1_43' title='bbox 720 1239 846 1326; x_wconf 76' lang='lat' dir='ltr'><strong>purtim</strong></span> <span class='ocrx_word' id='word_1_44' title='bbox 863 1226 1097 1317; x_wconf 72' lang='lat' dir='ltr'><strong>dissecando,-</strong></span> 
     </span>
     <span class='ocr_line' id='line_1_8' title="bbox 108 1345 1095 1444; baseline 0.004 -28"><span class='ocrx_word' id='word_1_45' title='bbox 108 1349 236 1444; x_wconf 86' lang='lat' dir='ltr'><strong>pertim</strong></span> <span class='ocrx_word' id='word_1_46' title='bbox 262 1359 333 1418; x_wconf 86' lang='lat' dir='ltr'><strong>sete</strong></span> <span class='ocrx_word' id='word_1_47' title='bbox 359 1358 393 1418; x_wconf 86' lang='lat' dir='ltr'><strong>et</strong></span> <span class='ocrx_word' id='word_1_48' title='bbox 419 1345 603 1440; x_wconf 78' lang='lat' dir='ltr'><strong>injectione</strong></span> <span class='ocrx_word' id='word_1_49' title='bbox 630 1347 748 1418; x_wconf 82' lang='lat' dir='ltr'><strong>multis</strong></span> <span class='ocrx_word' id='word_1_50' title='bbox 783 1349 817 1418; x_wconf 91' lang='lat' dir='ltr'><strong>in</strong></span> <span class='ocrx_word' id='word_1_51' title='bbox 861 1347 1095 1436; x_wconf 70' lang='lat' dir='ltr'><strong>cadaveribus</strong></span> 
     </span>
     <span class='ocr_line' id='line_1_9' title="bbox 84 1463 1088 1566; baseline 0.005 -30"><span class='ocrx_word' id='word_1_52' title='bbox 84 1467 147 1536; x_wconf 65' lang='lat' dir='ltr'><strong>&#39;ee</strong></span> <span class='ocrx_word' id='word_1_53' title='bbox 175 1477 375 1550; x_wconf 72' lang='lat' dir='ltr'><strong>tentarem,</strong></span> <span class='ocrx_word' id='word_1_54' title='bbox 402 1489 491 1563; x_wconf 83' lang='lat' dir='ltr'><strong>queo</strong></span> <span class='ocrx_word' id='word_1_55' title='bbox 517 1464 561 1536; x_wconf 87' lang='lat' dir='ltr'><strong>ud</strong></span> <span class='ocrx_word' id='word_1_56' title='bbox 586 1463 677 1536; x_wconf 86' lang='lat' dir='ltr'><strong>hunc</strong></span> <span class='ocrx_word' id='word_1_57' title='bbox 703 1463 819 1538; x_wconf 82' lang='lat' dir='ltr'><strong>locum</strong></span> <span class='ocrx_word' id='word_1_58' title='bbox 863 1471 1016 1566; x_wconf 83' lang='lat' dir='ltr'><strong>pretuli,</strong></span> <span class='ocrx_word' id='word_1_59' title='bbox 1042 1468 1088 1540; x_wconf 89' lang='lat' dir='ltr'><strong>li·</strong></span> 
     </span>
     <span class='ocr_line' id='line_1_10' title="bbox 108 1580 1089 1683; baseline 0.004 -29"><span class='ocrx_word' id='word_1_60' title='bbox 108 1580 235 1658; x_wconf 87' lang='lat' dir='ltr'><strong>berum</strong></span> <span class='ocrx_word' id='word_1_61' title='bbox 259 1583 393 1682; x_wconf 86' lang='lat' dir='ltr'><strong>ubique</strong></span> <span class='ocrx_word' id='word_1_62' title='bbox 417 1605 583 1680; x_wconf 79' lang='lat' dir='ltr'>semper,</span> <span class='ocrx_word' id='word_1_63' title='bbox 628 1583 857 1683; x_wconf 83' lang='lat' dir='ltr'>perviumque</span> <span class='ocrx_word' id='word_1_64' title='bbox 900 1584 1089 1676; x_wconf 81' lang='lat' dir='ltr'><strong>conulem,</strong></span> 
     </span>
     <span class='ocr_line' id='line_1_11' title="bbox 109 1702 1045 1805; baseline 0.003 -27"><span class='ocrx_word' id='word_1_65' title='bbox 109 1703 242 1803; x_wconf 78' lang='lat' dir='ltr'><strong>absque</strong></span> <span class='ocrx_word' id='word_1_66' title='bbox 269 1704 338 1776; x_wconf 78' lang='lat' dir='ltr'><strong>utin</strong></span> <span class='ocrx_word' id='word_1_67' title='bbox 350 1779 353 1785; x_wconf 63' lang='grc'><strong><em>,</em></strong></span> <span class='ocrx_word' id='word_1_68' title='bbox 367 1717 519 1780; x_wconf 73' lang='lat' dir='ltr'><strong>nuturee,</strong></span> <span class='ocrx_word' id='word_1_69' title='bbox 533 1702 759 1780; x_wconf 64' lang='lat' dir='ltr'><strong>inconstantia</strong></span> <span class='ocrx_word' id='word_1_70' title='bbox 777 1755 788 1792; x_wconf 80' lang='lat'>,</span> <span class='ocrx_word' id='word_1_71' title='bbox 815 1704 1045 1805; x_wconf 74' lang='lat' dir='ltr'><strong>deprehendi.</strong></span> 
     </span>
     <span class='ocr_line' id='line_1_12' title="bbox 206 1820 1092 1923; baseline 0.007 -29"><span class='ocrx_word' id='word_1_72' title='bbox 206 1820 406 1896; x_wconf 82' lang='lat' dir='ltr'><strong>LXXXII.</strong></span> <span class='ocrx_word' id='word_1_73' title='bbox 435 1822 475 1894; x_wconf 75' lang='lat' dir='ltr'><strong>si</strong></span> <span class='ocrx_word' id='word_1_74' title='bbox 503 1825 642 1919; x_wconf 77' lang='lat' dir='ltr'><strong>pervius</strong></span> <span class='ocrx_word' id='word_1_75' title='bbox 668 1826 1092 1923; x_wconf 76' lang='lat' dir='ltr'><strong>ergotiuerouuetumi-</strong></span> 
     </span>
     <span class='ocr_line' id='line_1_13' title="bbox 110 1939 1092 2046; baseline 0.004 -32"><span class='ocrx_word' id='word_1_76' title='bbox 110 1966 154 2014; x_wconf 87' lang='lat' dir='ltr'><strong>ne</strong></span> <span class='ocrx_word' id='word_1_77' title='bbox 179 1941 312 2042; x_wconf 78' lang='lat' dir='ltr'><strong>gaudet</strong></span> <span class='ocrx_word' id='word_1_78' title='bbox 336 1941 464 2016; x_wconf 80' lang='lat' dir='ltr'><strong>canulis</strong></span> <span class='ocrx_word' id='word_1_79' title='bbox 490 1939 561 2030; x_wconf 83' lang='lat' dir='ltr'><strong>hic,</strong></span> <span class='ocrx_word' id='word_1_80' title='bbox 582 1942 643 2042; x_wconf 91' lang='lat' dir='ltr'><strong>qui</strong></span> <span class='ocrx_word' id='word_1_81' title='bbox 668 1941 832 2016; x_wconf 80' lang='lat' dir='ltr'><strong>cocidere</strong></span> <span class='ocrx_word' id='word_1_82' title='bbox 856 1943 936 2018; x_wconf 80' lang='lat' dir='ltr'><strong>seuit</strong></span> <span class='ocrx_word' id='word_1_83' title='bbox 960 1971 1092 2046; x_wconf 71' lang='lat' dir='ltr'><strong>equae·</strong></span> 
     </span>
     <span class='ocr_line' id='line_1_14' title="bbox 108 2057 1093 2160; baseline 0.007 -30"><span class='ocrx_word' id='word_1_84' title='bbox 108 2057 294 2149; x_wconf 86' lang='lat' dir='ltr'><strong>ductum,</strong></span> <span class='ocrx_word' id='word_1_85' title='bbox 332 2059 653 2160; x_wconf 73' lang='lat' dir='ltr'><strong>quid-putabimus</strong></span> <span class='ocrx_word' id='word_1_86' title='bbox 694 2057 798 2132; x_wconf 81' lang='lat' dir='ltr'><strong>fuisse</strong></span> <span class='ocrx_word' id='word_1_87' title='bbox 840 2086 1005 2151; x_wconf 70' lang='lat' dir='ltr'><strong>tuumne,</strong></span> <span class='ocrx_word' id='word_1_88' title='bbox 1029 2089 1093 2138; x_wconf 83' lang='lat' dir='ltr'><strong>cur</strong></span> 
     </span>
     <span class='ocr_line' id='line_1_15' title="bbox 109 2176 1093 2280; baseline 0.004 -28"><span class='ocrx_word' id='word_1_89' title='bbox 109 2181 243 2254; x_wconf 79' lang='lat' dir='ltr'><strong>summi</strong></span> <span class='ocrx_word' id='word_1_90' title='bbox 267 2182 360 2272; x_wconf 82' lang='lat' dir='ltr'><strong>viri,</strong></span> <span class='ocrx_word' id='word_1_91' title='bbox 390 2182 558 2280; x_wconf 88' lang='lat' dir='ltr'><strong>omnique</strong></span> <span class='ocrx_word' id='word_1_92' title='bbox 584 2178 652 2250; x_wconf 83' lang='lat' dir='ltr'><strong>fide</strong></span> <span class='ocrx_word' id='word_1_93' title='bbox 668 2176 898 2278; x_wconf 78' lang='lat' dir='ltr'><strong>dignissimi,</strong></span> <span class='ocrx_word' id='word_1_94' title='bbox 925 2203 1093 2256; x_wconf 77' lang='lat' dir='ltr'><strong>vesorum</strong></span> 
     </span>
     <span class='ocr_line' id='line_1_16' title="bbox 110 2296 1095 2376; baseline 0 -2"><span class='ocrx_word' id='word_1_95' title='bbox 110 2297 205 2374; x_wconf 89' lang='lat' dir='ltr'><strong>hunc</strong></span> <span class='ocrx_word' id='word_1_96' title='bbox 233 2323 308 2376; x_wconf 84' lang='lat' dir='ltr'><strong>esse</strong></span> <span class='ocrx_word' id='word_1_97' title='bbox 332 2302 492 2376; x_wconf 79' lang='lat' dir='ltr'><strong>transitui</strong></span> <span class='ocrx_word' id='word_1_98' title='bbox 519 2299 731 2373; x_wconf 79' lang='lat' dir='ltr'><strong>destinatum</strong></span> <span class='ocrx_word' id='word_1_99' title='bbox 756 2296 1033 2372; x_wconf 74' lang='lat' dir='ltr'><strong>contenderint:</strong></span> <span class='ocrx_word' id='word_1_100' title='bbox 1058 2314 1095 2374; x_wconf 82' lang='lat' dir='ltr'><strong>et</strong></span> 
     </span>
     <span class='ocr_line' id='line_1_17' title="bbox 109 2417 1097 2508; baseline 0.003 -16"><span class='ocrx_word' id='word_1_101' title='bbox 109 2447 180 2494; x_wconf 86' lang='lat' dir='ltr'><strong>nou</strong></span> <span class='ocrx_word' id='word_1_102' title='bbox 208 2423 455 2496; x_wconf 83' lang='lat' dir='ltr'><strong>contenderint</strong></span> <span class='ocrx_word' id='word_1_103' title='bbox 479 2419 615 2508; x_wconf 75' lang='lat' dir='ltr'><strong>modu,</strong></span> <span class='ocrx_word' id='word_1_104' title='bbox 642 2419 704 2490; x_wconf 81' lang='lat' dir='ltr'><strong>sed</strong></span> <span class='ocrx_word' id='word_1_105' title='bbox 720 2417 848 2500; x_wconf 76' lang='lat' dir='ltr'><strong>vidisse</strong></span> <span class='ocrx_word' id='word_1_106' title='bbox 865 2445 902 2492; x_wconf 81' lang='lat' dir='ltr'><strong>ee</strong></span> <span class='ocrx_word' id='word_1_107' title='bbox 929 2433 1097 2496; x_wconf 81' lang='lat' dir='ltr'><strong>euttren·</strong></span> 
     </span>
     <span class='ocr_line' id='line_1_18' title="bbox 107 2542 1097 2644; baseline 0 -24"><span class='ocrx_word' id='word_1_108' title='bbox 107 2543 242 2620; x_wconf 74' lang='lat' dir='ltr'><strong>eeuetie</strong></span> <span class='ocrx_word' id='word_1_109' title='bbox 270 2569 332 2642; x_wconf 87' lang='lat' dir='ltr'><strong>per</strong></span> <span class='ocrx_word' id='word_1_110' title='bbox 358 2545 475 2643; x_wconf 87' lang='lat' dir='ltr'><strong>ipsum</strong></span> <span class='ocrx_word' id='word_1_111' title='bbox 490 2567 580 2634; x_wconf 71' lang='lat' dir='ltr'><strong>¹vesu</strong></span> <span class='ocrx_word' id='word_1_112' title='bbox 607 2557 667 2616; x_wconf 84' lang='lat' dir='ltr'><strong>out</strong></span> <span class='ocrx_word' id='word_1_113' title='bbox 692 2544 835 2644; x_wconf 80' lang='lat' dir='ltr'><strong>uestigio¹</strong></span> <span class='ocrx_word' id='word_1_114' title='bbox 852 2542 1097 2620; x_wconf 75' lang='lat' dir='ltr'><strong>traducturum</strong></span> 
     </span>
     <span class='ocr_line' id='line_1_19' title="bbox 108 2661 1093 2768; baseline 0.004 -32"><span class='ocrx_word' id='word_1_115' title='bbox 108 2665 374 2746; x_wconf 81' lang='lat' dir='ltr'><strong>affirmaverint?</strong></span> <span class='ocrx_word' id='word_1_116' title='bbox 391 2666 475 2738; x_wconf 88' lang='lat' dir='ltr'><strong>Fuit</strong></span> <span class='ocrx_word' id='word_1_117' title='bbox 499 2661 663 2766; x_wconf 89' lang='lat' dir='ltr'><strong>equidem</strong></span> <span class='ocrx_word' id='word_1_118' title='bbox 690 2664 756 2739; x_wconf 83' lang='lat' dir='ltr'><strong>hoc</strong></span> <span class='ocrx_word' id='word_1_119' title='bbox 784 2689 921 2756; x_wconf 83' lang='lat' dir='ltr'><strong>unum„</strong></span> <span class='ocrx_word' id='word_1_120' title='bbox 943 2687 1013 2768; x_wconf 85' lang='lat' dir='ltr'><strong>quo</strong></span> <span class='ocrx_word' id='word_1_121' title='bbox 1029 2689 1093 2740; x_wconf 74' lang='lat' dir='ltr'><strong>ve«</strong></span> 
     </span>
     <span class='ocr_line' id='line_1_20' title="bbox 108 2781 1159 2886; baseline 0.006 -30"><span class='ocrx_word' id='word_1_122' title='bbox 108 2783 294 2860; x_wconf 86' lang='lat' dir='ltr'><strong>hementer</strong></span> <span class='ocrx_word' id='word_1_123' title='bbox 319 2785 490 2884; x_wconf 82' lang='lat' dir='ltr'><strong>impulsus</strong></span> <span class='ocrx_word' id='word_1_124' title='bbox 514 2813 623 2872; x_wconf 71' lang='lat' dir='ltr'><strong>num,</strong></span> <span class='ocrx_word' id='word_1_125' title='bbox 665 2785 783 2886; x_wconf 89' lang='lat' dir='ltr'><strong>plures</strong></span> <span class='ocrx_word' id='word_1_126' title='bbox 823 2796 860 2856; x_wconf 89' lang='lat' dir='ltr'><strong>ut</strong></span> <span class='ocrx_word' id='word_1_127' title='bbox 902 2783 1092 2878; x_wconf 69' lang='lat' dir='ltr'><strong>cochleas,</strong></span> <span class='ocrx_word' id='word_1_128' title='bbox 1156 2781 1159 2788; x_wconf 69' lang='grc'>’</span> 
     </span>
     <span class='ocr_line' id='line_1_21' title="bbox 107 2902 1096 3004; baseline 0 -24"><span class='ocrx_word' id='word_1_129' title='bbox 107 2907 359 2980; x_wconf 82' lang='lat' dir='ltr'><strong>sussocutorum</strong></span> <span class='ocrx_word' id='word_1_130' title='bbox 385 2907 539 2982; x_wconf 82' lang='lat' dir='ltr'><strong>maxime</strong></span> <span class='ocrx_word' id='word_1_131' title='bbox 564 2905 773 2991; x_wconf 82' lang='lat' dir='ltr'><strong>hominum,</strong></span> <span class='ocrx_word' id='word_1_132' title='bbox 799 2916 860 2978; x_wconf 85' lang='lat' dir='ltr'><strong>eut</strong></span> <span class='ocrx_word' id='word_1_133' title='bbox 886 2902 1096 3004; x_wconf 78' lang='lat' dir='ltr'><strong>eliquoson·</strong></span> 
     </span>
     <span class='ocr_line' id='line_1_22' title="bbox 109 3020 1096 3127; baseline -0.005 -27"><span class='ocrx_word' id='word_1_134' title='bbox 109 3027 230 3127; x_wconf 81' lang='lat' dir='ltr'><strong>guinis</strong></span> <span class='ocrx_word' id='word_1_135' title='bbox 256 3025 292 3098; x_wconf 91' lang='lat' dir='ltr'><strong>in</strong></span> <span class='ocrx_word' id='word_1_136' title='bbox 318 3037 423 3127; x_wconf 83' lang='lat' dir='ltr'><strong>ceput</strong></span> <span class='ocrx_word' id='word_1_137' title='bbox 447 3037 549 3123; x_wconf 80' lang='lat' dir='ltr'><strong>rupto</strong></span> <span class='ocrx_word' id='word_1_138' title='bbox 590 3024 880 3112; x_wconf 85' lang='lat' dir='ltr'><strong>demortuorum,</strong></span> <span class='ocrx_word' id='word_1_139' title='bbox 919 3020 998 3094; x_wconf 83' lang='lat' dir='ltr'><strong>dete</strong></span> <span class='ocrx_word' id='word_1_140' title='bbox 1030 3049 1096 3122; x_wconf 83' lang='lat' dir='ltr'><strong>op·</strong></span> 
     </span>
     <span class='ocr_line' id='line_1_23' title="bbox 106 3141 1094 3244; baseline 0 -26"><span class='ocrx_word' id='word_1_141' title='bbox 106 3145 335 3242; x_wconf 80' lang='lat' dir='ltr'><strong>portunitete·</strong></span> <span class='ocrx_word' id='word_1_142' title='bbox 351 3141 692 3244; x_wconf 52' lang='lat' dir='ltr'><strong>perlustraremuRe</strong></span> <span class='ocrx_word' id='word_1_143' title='bbox 716 3141 875 3239; x_wconf 83' lang='lat' dir='ltr'><strong>penitius,</strong></span> <span class='ocrx_word' id='word_1_144' title='bbox 891 3155 1008 3218; x_wconf 77' lang='lat' dir='ltr'><strong>tutem</strong></span> <span class='ocrx_word' id='word_1_145' title='bbox 1043 3144 1094 3218; x_wconf 79' lang='lat' dir='ltr'><strong>ite</strong></span> 
     </span>
     <span class='ocr_line' id='line_1_24' title="bbox 106 3264 1097 3366; baseline 0.004 -30"><span class='ocrx_word' id='word_1_146' title='bbox 106 3277 314 3366; x_wconf 79' lang='lat' dir='ltr'><strong>perspecte,</strong></span> <span class='ocrx_word' id='word_1_147' title='bbox 358 3291 419 3366; x_wconf 86' lang='lat' dir='ltr'><strong>spo</strong></span> <span class='ocrx_word' id='word_1_148' title='bbox 454 3264 609 3338; x_wconf 81' lang='lat' dir='ltr'><strong>frustrari</strong></span> <span class='ocrx_word' id='word_1_149' title='bbox 637 3289 704 3336; x_wconf 92' lang='lat' dir='ltr'><strong>non</strong></span> <span class='ocrx_word' id='word_1_150' title='bbox 730 3287 810 3338; x_wconf 78' lang='lat' dir='ltr'><strong>sitm</strong></span> <span class='ocrx_word' id='word_1_151' title='bbox 835 3264 958 3351; x_wconf 56' lang='lat' dir='ltr'><strong>visun</strong></span> <span class='ocrx_word' id='word_1_152' title='bbox 985 3281 1097 3364; x_wconf 75' lang='lat' dir='ltr'><strong>quern»</strong></span> 
     </span>
    </p>
   </div>
   <div class='ocr_carea' id='block_1_3' title="bbox 106 3383 1101 4090">
    <p class='ocr_par' dir='ltr' id='par_1_3' title="bbox 106 3383 1101 4090">
     <span class='ocr_line' id='line_1_25' title="bbox 107 3383 1101 3487; baseline 0.002 -29"><span class='ocrx_word' id='word_1_153' title='bbox 107 3386 303 3487; x_wconf 88' lang='lat' dir='ltr'><strong>doquidem</strong></span> <span class='ocrx_word' id='word_1_154' title='bbox 330 3385 446 3462; x_wconf 84' lang='lat' dir='ltr'><strong>detexi</strong></span> <span class='ocrx_word' id='word_1_155' title='bbox 472 3385 683 3461; x_wconf 73' lang='lat' dir='ltr'><strong>facillimum</strong></span> <span class='ocrx_word' id='word_1_156' title='bbox 723 3383 828 3457; x_wconf 82' lang='lat' dir='ltr'><strong>fuisse</strong></span> <span class='ocrx_word' id='word_1_157' title='bbox 854 3397 907 3456; x_wconf 86' lang='lat' dir='ltr'><strong>tot</strong></span> <span class='ocrx_word' id='word_1_158' title='bbox 947 3385 1101 3462; x_wconf 76' lang='lat' dir='ltr'><strong>clarissi-</strong></span> 
     </span>
     <span class='ocr_line' id='line_1_26' title="bbox 108 3503 1097 3604; baseline 0.001 -26"><span class='ocrx_word' id='word_1_159' title='bbox 108 3508 178 3578; x_wconf 88' lang='lat' dir='ltr'><strong>mis</strong></span> <span class='ocrx_word' id='word_1_160' title='bbox 206 3507 288 3578; x_wconf 83' lang='lat' dir='ltr'><strong>viris</strong></span> <span class='ocrx_word' id='word_1_161' title='bbox 315 3507 350 3575; x_wconf 89' lang='lat' dir='ltr'><strong>in</strong></span> <span class='ocrx_word' id='word_1_162' title='bbox 378 3530 416 3578; x_wconf 86' lang='lat' dir='ltr'><strong>en</strong></span> <span class='ocrx_word' id='word_1_163' title='bbox 444 3528 481 3578; x_wconf 85' lang='lat' dir='ltr'><strong>re</strong></span> <span class='ocrx_word' id='word_1_164' title='bbox 507 3503 652 3604; x_wconf 79' lang='lat' dir='ltr'><strong>decipi,</strong></span> <span class='ocrx_word' id='word_1_165' title='bbox 678 3507 714 3579; x_wconf 83' lang='lat' dir='ltr'><strong>iu</strong></span> <span class='ocrx_word' id='word_1_166' title='bbox 742 3529 837 3602; x_wconf 76' lang='lat' dir='ltr'><strong>qua,</strong></span> <span class='ocrx_word' id='word_1_167' title='bbox 863 3504 930 3576; x_wconf 88' lang='lat' dir='ltr'><strong>uisi</strong></span> <span class='ocrx_word' id='word_1_168' title='bbox 957 3527 1097 3578; x_wconf 74' lang='lat' dir='ltr'><strong>summe</strong></span> 
     </span>
     <span class='ocr_line' id='line_1_27' title="bbox 109 3623 1093 3726; baseline -0.001 -28"><span class='ocrx_word' id='word_1_169' title='bbox 109 3625 319 3698; x_wconf 77' lang='lat' dir='ltr'><strong>adhiheatur</strong></span> <span class='ocrx_word' id='word_1_170' title='bbox 344 3623 556 3723; x_wconf 76' lang='lat' dir='ltr'><strong>diligentie,</strong></span> <span class='ocrx_word' id='word_1_171' title='bbox 599 3624 828 3722; x_wconf 80' lang='lat' dir='ltr'><strong>peritissimus</strong></span> <span class='ocrx_word' id='word_1_172' title='bbox 866 3629 1016 3726; x_wconf 89' lang='lat' dir='ltr'><strong>quisque</strong></span> <span class='ocrx_word' id='word_1_173' title='bbox 1042 3626 1093 3697; x_wconf 87' lang='lat' dir='ltr'><strong>se-</strong></span> 
     </span>
     <span class='ocr_line' id='line_1_28' title="bbox 106 3746 1094 3848; baseline 0.003 -28"><span class='ocrx_word' id='word_1_174' title='bbox 106 3749 175 3820; x_wconf 86' lang='lat' dir='ltr'><strong>cile</strong></span> <span class='ocrx_word' id='word_1_175' title='bbox 200 3747 433 3848; x_wconf 85' lang='lat' dir='ltr'><strong>deciperetur.</strong></span> <span class='ocrx_word' id='word_1_176' title='bbox 464 3747 558 3820; x_wconf 88' lang='lat' dir='ltr'><strong>Vere</strong></span> <span class='ocrx_word' id='word_1_177' title='bbox 584 3749 676 3820; x_wconf 91' lang='lat' dir='ltr'><strong>euim</strong></span> <span class='ocrx_word' id='word_1_178' title='bbox 703 3746 941 3847; x_wconf 81' lang='lat' dir='ltr'><strong>sauguiferum</strong></span> <span class='ocrx_word' id='word_1_179' title='bbox 957 3763 1010 3820; x_wconf 86' lang='lat' dir='ltr'><strong>est</strong></span> <span class='ocrx_word' id='word_1_180' title='bbox 1031 3775 1094 3823; x_wconf 78' lang='lat' dir='ltr'><strong>ree</strong></span> 
     </span>
     <span class='ocr_line' id='line_1_29' title="bbox 106 3865 1095 3968; baseline 0 -28"><span class='ocrx_word' id='word_1_181' title='bbox 106 3871 198 3942; x_wconf 86' lang='lat' dir='ltr'><strong>intre</strong></span> <span class='ocrx_word' id='word_1_182' title='bbox 225 3867 433 3957; x_wconf 80' lang='lat' dir='ltr'><strong>cochleam,</strong></span> <span class='ocrx_word' id='word_1_183' title='bbox 460 3865 556 3968; x_wconf 88' lang='lat' dir='ltr'><strong>quod</strong></span> <span class='ocrx_word' id='word_1_184' title='bbox 582 3891 662 3940; x_wconf 81' lang='lat' dir='ltr'><strong>suos</strong></span> <span class='ocrx_word' id='word_1_185' title='bbox 689 3891 750 3964; x_wconf 86' lang='lat' dir='ltr'><strong>per</strong></span> <span class='ocrx_word' id='word_1_186' title='bbox 775 3891 931 3956; x_wconf 78' lang='lat' dir='ltr'><strong>nouum,</strong></span> <span class='ocrx_word' id='word_1_187' title='bbox 961 3881 996 3938; x_wconf 88' lang='lat' dir='ltr'><strong>et</strong></span> <span class='ocrx_word' id='word_1_188' title='bbox 1020 3894 1095 3940; x_wconf 85' lang='lat' dir='ltr'><strong>sce·</strong></span> 
     </span>
     <span class='ocr_line' id='line_1_30' title="bbox 109 3979 1095 4090; baseline 0 -30"><span class='ocrx_word' id='word_1_189' title='bbox 109 3986 185 4088; x_wconf 73' lang='lat' dir='ltr'><strong>les,</strong></span> <span class='ocrx_word' id='word_1_190' title='bbox 214 3987 372 4062; x_wconf 87' lang='lat' dir='ltr'><strong>remulus</strong></span> <span class='ocrx_word' id='word_1_191' title='bbox 405 3987 605 4089; x_wconf 83' lang='lat' dir='ltr'><strong>dispergit;</strong></span> <span class='ocrx_word' id='word_1_192' title='bbox 633 3990 731 4084; x_wconf 80' lang='lat' dir='ltr'><strong>cujus</strong></span> <span class='ocrx_word' id='word_1_193' title='bbox 756 3979 888 4090; x_wconf 69' lang='lat' dir='ltr'><strong>origo,</strong></span> <span class='ocrx_word' id='word_1_194' title='bbox 907 3988 982 4064; x_wconf 79' lang='lat' dir='ltr'><strong>rive</strong></span> <span class='ocrx_word' id='word_1_195' title='bbox 997 3999 1095 4060; x_wconf 77' lang='lat' dir='ltr'><strong>trun·</strong></span> 
     </span>
    </p>
   </div>
   <div class='ocr_carea' id='block_1_4' title="bbox 0 0 1386 4874">
    <p class='ocr_par' dir='ltr' id='par_1_4' title="bbox 0 0 1386 4874">
     <span class='ocr_line' id='line_1_31' title="bbox 0 0 1386 4874; baseline 0 0"><span class='ocrx_word' id='word_1_196' title='bbox 0 0 1386 4874; x_wconf 95' lang='lat' dir='ltr'><strong> </strong></span> 
     </span>
    </p>
   </div>
  </div>
 </body>
</html>
