2756 4874
719 375 856 468 (56),

290 538 528 620 tertationem
553 548 791 648 perciperet,
806 563 994 650 tanquam
1010 574 1086 622 nan
1101 551 1275 634 audient
1370 575 1371 580 ’

290 691 401 755 eam,
429 671 504 740 nisi
528 667 722 764 cytharae
748 666 794 742 ob
820 671 861 742 id
897 685 1076 744 consueto
1114 671 1269 771 longius
1370 769 1371 774 ἵ

276 781 437 888 factam
461 786 726 877 manubrium,
762 790 931 886 propriis
957 788 1133 864 dentibus
1169 815 1271 866 mor·
1370 821 1371 850 1

289 907 421 993 deret,
449 931 592 1008 oreque
616 905 1005 1003 commonendam,
1033 924 1100 981 aut
1125 909 1272 984 saltem

287 1046 357 1120 per
381 1029 533 1124 ‘virgam
559 1049 626 1097 ore
650 1032 807 1124 proprio
835 1024 1138 1125 appraeirensam
1156 1079 1165 1116 ,
1185 1028 1272 1102 alia

288 1157 488 1240 exparte
514 1144 707 1240 pulsatam
732 1171 758 1218 a
785 1169 826 1218 se
852 1142 1051 1246 cytharam
1082 1163 1266 1246 tangeret.

288 1260 379 1350 Hinc
405 1265 548 1354 surdis,
577 1270 604 1340 si
630 1293 733 1364 super
771 1280 876 1368 ceput
914 1293 1041 1365 magne
1084 1293 1173 1340 voce
1215 1267 1268 1344 io-

286 1399 414 1482 quutns
436 1383 569 1472 fueris,
598 1387 717 1460 audire
744 1387 865 1490 datum
888 1417 898 1478 3
928 1387 1158 1462 intolerabilis
1185 1415 1269 1486 pro·

164 1572 166 1574 ,
284 1528 329 1606 pe
357 1505 449 1576 sanis
474 1505 524 1576 ibi
552 1504 696 1578 stridor.
740 1507 1017 1581 Tormentorum
1046 1509 1267 1592 ¹bellicorum

285 1624 497 1722 fragorem,
527 1624 571 1696 ad
598 1653 675 1699 eam
703 1628 935 1720 distantiam,
980 1658 1048 1730 qun
1091 1647 1272 1730 nequeunt

285 1745 343 1819 vel
369 1745 522 1845 perfecte
548 1749 728 1822 audientes
755 1749 875 1821 andire
891 1809 901 1841 ‚
920 1751 1045 1838 baculo
1075 1766 1184 1826 terrae
1215 1758 1268 1828 in·

215 1951 216 1956 ἵ
284 1868 386 1957 fixo,
416 1879 451 1938 et
476 1867 640 1940 dentibus
666 1869 924 1968 apprrehenso,
953 1872 1011 1944 vel
1030 1874 1143 1970 capite
1162 1901 1269 1971 snper

283 1992 441 2067 maximo
459 1988 585 2086 lapide
611 1990 750 2064 firmato
778 1990 917 2080 audiri,
945 1989 1056 2092 vulgo
1081 2021 1145 2093 pro
1163 2007 1263 2068 certo

282 2107 461 2202 habetur„

384 2227 568 2304 XXXIII.
597 2226 720 2305 Noluit
745 2253 830 2302 vero
856 2261 984 2310 mum
1012 2253 1075 2305 nos
1104 2229 1170 2304 hoc
1188 2235 1267 2308 soto

283 2351 336 2424 uti
362 2344 692 2439 audiendi‘modo,
720 2373 791 2445 quo
819 2373 942 2422 sonum
972 2350 1118 2448 quidem
1146 2351 1266 2446 perci·

283 2494 369 2568 pere
397 2493 605 2567 possumus,
634 2467 708 2563 ejus
734 2478 890 2540 attamen
916 2467 1103 2546 ‚varietates
1129 2469 1268 2568 integre
1370 2515 1371 2528 κ

285 2585 502 2686 distinguere
528 2611 598 2660 non
625 2587 814 2661 vatemus:
843 2587 972 2688 quique
999 2586 1136 2688 magnis
1176 2614 1266 2688 quo-

284 2735 353 2810 que
381 2709 473 2780 sonis
501 2705 734 2808 percipiendis
760 2701 864 2808 aptus
891 2732 967 2780 esse
992 2721 1111 2805 potest
1128 2713 1276 2796 ‚mium

283 2827 411 2914 ribus,
438 2825 560 2926 quoles
584 2826 787 2926 frequenter
813 2827 850 2916 in
868 2827 962 2904 vitoe
980 2853 1045 2900 usu
1060 2843 1266 2922 occurrunt,
1370 2899 1371 2906 ,

286 2963 321 3022 et
347 2943 553 3046 praesertim
582 2947 936 3022 sermocinationibus
953 2949 1183 3040 conveniunt,
1200 2950 1268 3022 mi·

284 3070 381 3141 nime
406 3080 537 3166 potest.
566 3069 661 3142 Hinc
687 3066 830 3140 elastico
856 3065 970 3143 fluido
998 3091 1062 3165 pro
1081 3090 1165 3139 sono
1183 3093 1267 3166 pro·

284 3189 448 3288 pagando
475 3215 536 3262 usa
562 3204 641 3280 est,
671 3193 769 3288 cujus
795 3199 908 3286 partes
932 3188 1189 3264 nobilissimae
1205 3215 1270 3279 ctu-

288 3315 493 3411 juscumque
506 3314 583 3384 soni
610 3312 716 3394 etiem
742 3309 951 3384 debilissimi
978 3311 1152 3408 impetum
1177 3311 1272 3388 reci-

177 3493 179 3498 s
287 3433 388 3528 pinnt
410 3489 422 3523 ‚
448 3441 483 3512 et
507 3427 615 3504 simul
642 3430 802 3503 elasticae
828 3441 968 3502 servant
995 3443 1031 3500 et
1057 3443 1266 3532 propagent.

286 3549 499 3649 Hujusmodi
527 3563 578 3624 est
603 3547 693 3637 oe'r,
722 3551 786 3648 qui
812 3550 977 3622 omnibus
993 3549 1199 3647 corporibus
1217 3562 1272 3650 est

286 3670 583 3770 circumpositus,
612 3683 646 3742 et
671 3669 728 3740 vel
767 3670 929 3741 minimas
970 3667 1177 3743 eorumdem
1215 3668 1273 3742 vi·

178 3855 182 3863 .
287 3794 466 3867 brotiones
492 3793 650 3892 accipit,
680 3807 783 3889 atque
799 3795 834 3865 in
850 3789 1033 3890 sphaeram
1051 3813 1177 3862 sonoro
1192 3813 1273 3862 cor·

287 3915 365 4013 pori
390 3915 650 3988 conceptricem
672 3923 875 4014 propaget,
901 3935 940 3984 ea
966 3912 1002 3992 vi
1027 3935 1118 4014 quae
1145 3909 1198 3998 'cit
1237 3907 1276 3984 in
1364 4015 1368 4024 .
