2790 4872
725 355 870 454 (tf)¹

277 523 711 630 aptissimevestibufum
728 527 926 600 nominatur
954 519 1107 624 (ttttoc
1133 524 1272 628 adjacet
1382 563 1383 574 ¹

258 651 430 750 ¹quidem
455 649 626 722 fenestrae
652 643 775 736 orali,
802 673 841 718 ac
857 648 1025 744 tympani
1051 645 1163 719 fundo
1203 674 1267 745 pa·
1382 749 1383 754 ἵ

281 763 442 846 failelum
469 781 550 856 est,
578 780 613 841 et
634 769 799 866 capacius
826 778 906 856 est,
944 795 1012 868 qua
1050 769 1268 842 anteriorem

284 895 358 989 ejn's
385 887 674 976 extremitatem,
702 912 809 986 quam
836 910 906 984 qua
942 886 1176 984 posteriorem
1195 897 1270 957 re·

285 1014 402 1110 spicit.
431 1012 518 1084 Axis
545 1007 708 1085 vestibuli
735 1011 874 1103 major,
911 1005 973 1104 qni
1001 1003 1269 1105 parallelusest
1382 985 1383 996 ἵ

278 1129 458 1202 ,horizonti
477 1183 488 1219 ,
506 1129 592 1202 duas
618 1153 721 1227 saepe
743 1125 857 1197 'tineas
877 1139 1033 1224 aequat,
1062 1125 1177 1199 minor
1192 1127 1270 1224 'qui

280 1245 586 1346 perpendicularis
618 1273 631 1318 1
654 1252 708 1338 γα,
735 1241 954 1342 profunditas
971 1245 1044 1341 ejus
1061 1244 1176 1316 media
1195 1246 1271 1318 sive

280 1369 445 1448 distantia
473 1367 517 1440 ab
544 1367 639 1442 ovoli
666 1367 815 1438 fenestra
841 1365 886 1437 ad
912 1365 1080 1438 vestibuli
1105 1363 1270 1454 fundum,

277 1489 408 1580 lineam
442 1513 455 1556 r
477 1497 522 1590 ’ss
548 1483 733 1584 adaequat:
752 1510 968 1584 quamquam
986 1483 1174 1586 aliquando
1190 1473 1279 1584 perss

248 1677 253 1682 .
280 1605 503 1707 pendicufari
528 1607 582 1680 axi
610 1603 765 1706 aequalis
792 1608 861 1678 sit.·
879 1607 1061 1692 Latiarem
1101 1607 1270 1680 vestibuli

282 1739 420 1826 partem
447 1725 567 1800 foveae
594 1727 782 1824 perficiunt
807 1720 899 1796 duae
925 1726 962 1798 in
987 1729 1061 1824 ejus
1078 1717 1265 1823 superficie

282 1849 496 1934 excavatae,
525 1873 672 1946 quarum
697 1871 905 1945 unaeaque
930 1845 1076 1921 inferior
1103 1849 1268 1944 proxima

277 1981 334 2045 ,est
360 1971 524 2042 anteriori
556 1968 727 2044 fenestrae
769 1966 879 2040 ovalis
901 1982 1101 2060 extremo,
1139 1995 1272 2070 perque

280 2086 446 2196 pestibuli
489 2088 730 2186 pavimentum
777 2087 987 2189 expanditur
1024 2090 1104 2188 (i),
1130 2091 1272 2189 et'quia

279 2209 439 2304 ‚circulari
456 2207 526 2284 fere
554 2213 712 2310 margine
738 2211 922 2284 terminata
947 2210 991 2282 ab
1017 2211 1143 2284 illustri
1170 2213 1269 2284 Mor-

278 2353 395 2428 gagno
437 2324 736 2425 hemisphaerica
776 2327 868 2401 dieta
906 2345 985 2422 est-3
1023 2330 1182 2450 superior
1208 2330 1272 2404 =al·

279 2463 356 2521 tera
382 2447 441 2546 (fr)
468 2446 555 2522 hanc
598 2451 788 2548 sequitur,
820 2447 974 2548 elliptiro
1016 2475 1126 2550 prope
1158 2448 1274 2522 ambi-

278 2581 317 2640 tu
359 2565 516 2658 donata,
560 2593 649 2667 quae
690 2573 907 2659 introrsum,
936 2580 1197 2668 retrorsumque
1226 2567 1272 2640 ab

277 2688 471 2782 exteriori,
499 2690 738 2792 auteriorique
764 2687 929 2788 vestibuli
971 2703 1069 2788 parte
1110 2686 1275 2789 elongata

277 2818 363 2890 est,
392 2832 431 2878 ac
457 2809 672 2895 semiovalis
699 2807 814 2880 eidem
841 2824 894 2882 est
919 2808 1010 2881 dicta
1038 2806 1107 2908 (l).
1135 2807 1196 2883 Ex
1221 2807 1278 2880 his

275 2923 494 3026 ‚profundior
531 2926 838 3028 hemisphaerica,
865 2946 900 3004 et
926 2929 1089 3005 subfusco
1127 2919 1298 3030 petinei-¹

281 3042 399 3144 doque
425 3046 533 3122 fundo
561 3046 687 3122 donata
706 3063 758 3122 est
776 3105 786 3141 ,
803 3053 866 3150 qui
884 3049 1042 3140 inferius,
1061 3066 1276 3126 extrorsum·

282 3191 353 3266 que
379 3166 472 3239 ovali
499 3163 577 3240 alba
598 3171 762 3262 macula,
791 3169 901 3245 veluti
929 3185 1157 3245 excrescentew
1180 3197 1275 3245 cras-

279 3288 362 3372 siori
406 3288 603 3364 substantia
622 3307 791 3389 opacatur
809 3321 833 3384 ;.
848 3293 1048 3370 semiovalis
1075 3306 1148 3366 tota
1186 3294 1278 3368 levis

251 3422 478 3504 ¹permanet.
506 3407 697 3485 Intercedit
724 3411 815 3486 inter
840 3425 1027 3514 utramque
1041 3435 1205 3504 eaveam,
1226 3426 1284 3486 ate

273 3617 279 3631 ’
322 3670 370 3756 ()
394 3665 475 3736 Tab.
505 3695 534 3738 1.
562 3672 613 3760 fig.
640 3669 672 3740 3.
696 3695 728 3741 e.
775 3673 814 3764 (l)
837 3671 974 3768 Epistola
987 3676 1170 3749 Anatomiea
1192 3699 1272 3754 su,

323 3779 361 3865 (i)
385 3776 510 3848 Ibidem.
537 3782 571 3848 fr.
729 3847 732 3859 ,
823 3789 853 3876 5.
880 3783 911 3850 5.

323 3886 372 3976 (k)
394 3885 477 3958 Tau.
506 3917 535 3960 ι.
560 3891 615 3984 fig.
641 3887 673 3962 3.
696 3917 731 3984 g.
