2756 4874
526 427 641 520 (⁵⁵)

93 597 131 659 et
157 587 360 688 concipient
384 585 531 678 facilius,
559 605 594 662 et
619 589 772 666 vividius
798 595 1075 689 conservabunt,¹

98 703 341 806 conclusisque
367 711 484 782 nervis
508 707 653 782 tandem
679 709 838 786 reddent.
869 715 960 787 Huic
989 741 1078 815 quo-

97 851 169 926 que
194 825 334 898 utilitati
361 844 584 926 prospectum
610 845 677 920 est,
694 833 890 906 arctissime
916 833 1080 908 commit·

97 945 206 1020 tando
232 971 308 1017 ossa
333 945 468 1045 lapidea
494 973 576 1020 curn
602 947 710 1034 caelo,
727 947 873 1050 basique
889 951 1076 1040 calvarias,

97 1087 251 1166 quorum
269 1069 462 1140 resonantia
479 1065 617 1140 facilius
643 1065 850 1168 diutiusque
875 1070 1083 1143 concutiun-

97 1197 168 1256 tur.
196 1184 364 1283 Oportuit
390 1197 509 1258 tamen
532 1209 661 1259 nervos
701 1185 847 1258 humore
887 1187 1080 1280 inundari,

99 1331 144 1377 ne
170 1308 200 1378 si
228 1309 271 1379 ab
296 1309 374 1404 ipso
399 1307 607 1383 immediato
635 1312 769 1384 ossium
795 1309 1081 1386 contactudcbe-

96 1441 177 1502 rent
201 1429 270 1504 sibi
297 1445 489 1506 tremorem
517 1455 754 1532 comparare,
782 1433 931 1506 nimium
950 1455 1013 1529 pro
1032 1441 1084 1500 te·

98 1549 300 1622 acritudine
327 1578 384 1624 sna
412 1549 835 1626 lacessirentur.'Humor
861 1552 991 1624 etenim
1027 1552 1084 1622 in·

97 1671 296 1746 termedius
322 1671 450 1748 leniter
471 1671 608 1748 undans
633 1675 679 1747 ob
705 1685 889 1771 acceptum
910 1671 970 1770 ab
996 1674 1083 1743 ossi-

97 1786 167 1860 bus
193 1787 417 1886 impulsum,
446 1794 599 1863 concutit
626 1815 775 1876 nervos,
795 1789 859 1862 scd
883 1785 999 1877 molli,
1016 1815 1080 1860 uec

96 1934 223 2008 aspero
250 1907 424 1982 contactu.
454 1909 606 2002 Qualem
634 1908 822 1982 utilitatem
849 1910 885 1979 in
905 1907 947 1980 iis
961 1931 1084 2004 reapse

97 2027 355 2116 observamus,
382 2025 511 2127 quibus
536 2008 659 2126 daitum
682 2051 750 2098 non
777 2041 829 2100 est
856 2027 997 2096 auribus
1025 2049 1083 2094 so·

96 2171 183 2217 num
223 2144 375 2217 haurire.
412 2145 510 2218 Dum
544 2146 675 2216 etenim
713 2156 879 2244 premunt
913 2166 1084 2216 sonorum

97 2291 256 2364 corpus,
287 2267 444 2337 maxime
465 2263 629 2336 dentibus
656 2266 788 2336 ossium
816 2262 1083 2350 munitissimis,

96 2409 227 2456 sonum
256 2386 454 2481 percipiunt
481 2383 767 2482 discernuntqoc.
814 2385 945 2456 Mirum
980 2381 1086 2477 iurjus

96 2506 151 2577 rei
176 2503 386 2600 exenrpium
413 2503 506 2602 apud
532 2503 783 2601 gravissimum
822 2503 950 2576 Virum·
974 2503 1084 2574 Joan·

97 2647 185 2693 nem
201 2619 411 2718 Philippum
430 2619 638 2720 Ingressiam
652 2623 802 2696 relatum
819 2637 871 2696 est
887 2621 968 2721 (b):
990 2622 1085 2721 Qui·

99 2742 216 2830 dam,
246 2741 383 2838 inquit,
401 2739 602 2840 Hispanus
618 2755 748 2812 noster
765 2740 812 2814 ob
830 2763 947 2814 raras
965 2743 1086 2836 ipsios*

98 2860 226 2933 animi
255 2856 366 2930 dotes
382 2855 626 2952 familiaris,
667 2883 743 2930 non
784 2885 837 2933 ex
876 2863 1093 2956 nativitate·

101 2979 287 3083 quidem,
316 2977 464 3050 sedeo:
488 2975 622 3050 morbo
649 2979 786 3069 lactus
824 2996 880 3052 est
915 2979 1084 3064 surdus,
1174 2973 1180 2980 ’

99 3100 302 3176 obstructo
329 3104 484 3199 inquom
512 3103 685 3170 exterius
712 3099 904 3172 auditorio
932 3114 1085 3188 meatu,

101 3227 171 3323 qui
198 3237 323 3293 tamen
359 3233 463 3292 recte
501 3235 619 3318 atquc
652 3225 847 3318 exquisite
883 3217 1085 3320 cytisorum

102 3343 333 3440 priusquam
360 3337 599 3412 sordesceret
614 3339 771 3434 pulsare
787 3353 1015 3436 tangereque
1031 3340 1089 3408 ‹li-

105 3461 272 3534 dicerat.
304 3461 464 3556 Quoties
492 3481 578 3532 vero
606 3481 708 3530 nrcnc
734 3464 871 3530 sorores
896 3459 975 3549 iam
1000 3460 1088 3532 red-

107 3581 210 3654 ditus
238 3607 322 3655 eum
343 3563 507 3678 'pulsum
536 3577 686 3650 nullam
713 3601 769 3650 etc
794 3603 843 3651 eu
860 3585 1005 3652 musr'ca
1022 3580 1085 3648 de-

106 3835 115 3844 ·
149 3805 258 3897 (b)1n
279 3804 507 3875 Commentariis
529 3809 560 3870 in
606 3802 829 3896 Cap.r.Text.
856 3807 888 3872 8.
914 3826 1079 3898 p.sm.97.
1124 3786 1127 3792 ¹

195 3909 347 4010 Gabuurn
368 3914 405 3984 de
429 3913 555 3986 Ossibus
600 3909 664 3981 Ed.
701 3913 841 3982 Panormi
870 3911 963 3980 1603.
1075 4010 1079 4018 Ι
