2756 4874
510 417 628 510 (aa)

72 589 114 664 ad
137 590 235 664 basis
260 587 435 665 calvariae
458 586 605 688 pianum
633 586 840 690 pertingat.
875 585 1055 694 Scalpellc

70 709 150 782 dein
178 735 241 810 per
267 707 329 784 has
354 711 528 784 sectiones
544 721 713 812 urgeatur
740 734 804 801 os,
828 723 865 788 et
889 715 919 788 si
944 739 1056 788 acar-

71 830 142 904 aeis
166 829 322 908 vinculis
348 830 506 906 salutum
531 829 671 924 suerit,
698 835 854 910 maxime
881 834 1058 932 inferius,

68 949 176 1028 facile
202 952 433 1054 separabitur.

172 1073 294 1148 LXV.
322 1071 529 1174 injectionis
547 1087 668 1150 autem
692 1074 868 1152 beneficio
883 1077 966 1150 novi
980 1076 1060 1174 qui·

72 1197 154 1274 dam
196 1197 334 1274 canales
372 1204 668 1300 inconspectum
702 1201 874 1288 veniunt,
901 1227 1057 1304 quorum

73 1339 154 1399 ante
195 1323 422 1422 injectionem
461 1349 506 1397 ne
545 1324 738 1426 vestigium
779 1323 927 1426 quidem
971 1328 1057 1401 lice-

68 1459 131 1534 ·bat
156 1457 301 1530 intueri.
326 1455 474 1555 Rapieta
499 1459 594 1530 enim
621 1458 751 1531 cavitas
776 1453 793 1555 (
819 1483 886 1532 ur
918 1456 1053 1558 )mer·

71 1581 202 1667 curio,
240 1578 300 1650 ubi
343 1575 515 1653 levitera
549 1575 721 1675 superiori
757 1587 856 1678 parte
891 1576 1059 1652 deorsum

71 1701 278 1800 premitur,
306 1698 461 1801 jucunda
487 1697 689 1800 spectaculo
714 1697 943 1788 observatur,
971 1723 1064 1771 mer·

70 1821 211 1896 curium
238 1821 273 1894 in
300 1847 339 1894 ea
357 1831 562 1894 contentum
578 1816 752 1918 quasdam
768 1817 981 1892 canaticulos
996 1815 1058 1916 (a)

72 1959 284 2044 penetrare,
312 1947 374 2044 qui
415 1943 462 2015 ab
488 1945 585 2016 omni
612 1941 684 2015 sere
724 1940 884 2013 caritatis
926 1939 1065 2014 ambitu

72 2073 326 2162 emergentes,
354 2062 446 2136 inter
468 2059 577 2136 durae
603 2061 727 2138 matris
752 2059 900 2134 laminas
925 2057 1062 2149 delati,

72 2181 173 2254 miris
200 2207 332 2284 saepe,
363 2195 398 2254 et
425 2167 497 2254 non
524 2181 804 2285 infrequentibus
830 2180 1060 2255 anastomosi·

71 2299 137 2376 bus
166 2307 447 2378 communicant.
475 2303 613 2403 Horum
639 2302 779 2406 aliqui,
807 2312 888 2403 post
913 2297 1063 2373 brevem

73 2423 215 2514 trium,
243 2438 443 2526 quatuorve
466 2421 640 2498 linearum
667 2421 712 2498 ab
730 2435 818 2501 urtu
842 2422 1059 2512 distantiam,

73 2546 280 2645 patentibus
307 2547 518 2652 sanguiieris
545 2546 682 2620 venulis
705 2537 832 2624 durae'
852 2545 975 2622 matris
1002 2567 1064 2616 cx·

77 2665 196 2765 cepti,
226 2666 262 2739 in
289 2691 347 2742 cas
386 2683 570 2766 receptum
595 2695 614 2740 a
641 2666 790 2742 cavitate
827 2665 1065 2767 aquaeductus

76 2787 297 2860 mercurium
320 2785 559 2878 transferunt3
589 2779 724 2888 aliqui,
741 2809 845 2886 saepe
870 2787 1065 2888 conjuncti,

79 2908 188 2981 veluti
215 2909 329 2982 sinum
356 2909 417 3011 (b)
458 2921 707 3010 componunt,
733 2909 772 2984 ia
807 2931 915 3012 quem
955 2909 1066 2981 durae

77 3027 203 3101 matris
230 3029 380 3104 venulae
406 3032 582 3104 corrivant
607 3029 722 3117 aiiae;
749 3027 808 3102 atii
843 3027 985 3102 tandem
1011 3028 1068 3129 ip-

77 3169 161 3220 sum
184 3147 455 3224 membraneum
472 3151 638 3250 parietem
652 3149 806 3250 proximi
824 3149 920 3223 sinus
944 3148 1070 3223 interu-

80 3264 122 3340 tis
148 3279 250 3342 recto
275 3273 418 3346 tramite
443 3269 586 3347 adeunt.
616 3271 755 3348 Placuit
779 3269 866 3346 mihi
893 3295 1012 3368 saepe,
1032 3281 1069 3342 et

80 3409 160 3458 cum
189 3387 267 3462 aliis
291 3389 348 3464 Cl.
377 3390 489 3480 Viris,
504 3419 592 3494 quos
607 3391 691 3467 huic
717 3391 951 3466 observationi
969 3413 1070 3492 prae·

79 3523 194 3588 sentes
219 3511 421 3616 frequenter
446 3515 584 3608 habui,
610 3532 688 3593 tum
714 3515 910 3592 clarissimo
932 3517 970 3588 iu
998 3514 1071 3615 pri-

78 3637 145 3708 mis
172 3636 307 3736 Regiae
333 3638 587 3736 Neapolitanae
627 3637 838 3715 Academiae
878 3637 1068 3734 Batanices

80 3749 287 3860 doctissimo
313 3755 538 3850 Professori,
566 3785 674 3860 quem
699 3757 843 3834 honoris
868 3783 987 3834 caussa
1004 3778 1069 3829 nu·

127 4023 173 4112 (a)
197 4017 430 4094 'rasa-21.
565 4037 569 4050 ·
656 4025 804 4116 (h)1bid.
830 4045 887 4094 za.
