2790 4872
578 421 704 514 tn)

141 615 226 664 cum
253 610 296 660 eo
320 582 547 676 inoruietns‘,
571 583 619 660 nd
643 584 814 688 angulum
837 599 1034 664 extrorsum
1048 597 1146 690 grus.

28 731 30 758 ⁵
142 713 258 784 duum
283 733 393 811 prope
423 733 500 784 roo.
539 705 627 780 Inde
662 708 835 782 exteriora
878 729 999 782 sersus
1035 707 1129 784 lecto
1151 755 1172 780 ι,

142 857 254 922 crcu,
279 837 377 932 cujus
404 829 573 908 medietas
598 856 715 931 supra,
743 829 917 932 reliquum
946 828 1035 904 inira
1054 831 1151 931 ple-·
1180 881 1203 917 2⁴,
1282 928 1287 936 .

142 974 232 1024 nom
258 963 311 1024 est
334 949 464 1022 conclis
503 949 637 1024 externi
665 947 777 1050 (rx),
806 947 839 1022 in
867 950 1130 1048 posteriorem,

145 1069 322 1170 simulque
344 1069 544 1146 inferiorem
561 1119 574 1161 ,
592 1083 627 1144 et
652 1083 834 1142 externum
860 1069 1027 1144 vestibuli
1052 1096 1132 1168 per-
1178 1065 1194 1082 ”

145 1202 220 1264 tem
246 1191 431 1292 aperitur.
476 1193 593 1289 Propo
619 1187 687 1266 hoc
714 1189 781 1263 sibi
809 1189 996 1289 proprium
1030 1191 1129 1264 orili-

145 1312 254 1397 cium,
282 1333 345 1408 per
368 1306 498 1382 lineum
530 1309 602 1382 lere
627 1335 708 1382 sune
718 1309 967 1410 longitudinis,
993 1333 1129 1408 expers·
1159 1375 1163 1386 .

139 1429 240 1506 ditur
264 1429 355 1504 ultro
391 1427 521 1506 canulis
555 1429 815 1530 nudeqnnqne;
842 1431 905 1504 sed
932 1457 1000 1534 qus
1025 1455 1130 1504 cone·

149 1549 193 1627 lis
220 1551 356 1628 externi
390 1552 562 1628 orificium
593 1553 765 1652 posterius
801 1553 967 1654 respicit,
994 1574 1134 1628 sursum

148 1697 302 1772 nempe,
328 1675 474 1766 minus,
504 1667 669 1748 deorsum
694 1673 882 1766 maxime,
908 1673 1069 1750 ubilero
1094 1673 1132 1748 in

146 1791 277 1869 eodem
302 1819 383 1870 cnm
400 1795 603 1894 parimento
627 1792 795 1871 vestibuli
822 1793 928 1894 plano
953 1808 1027 1881 est,
1055 1821 1127 1896 qno

146 1939 269 1990 sersus
295 1915 499 2016 saepissime
517 1913 752 2018 protenditur.
782 1915 869 2014 Ejus
893 1913 1129 2017 longitudinis

146 2036 225 2110 exis
243 2091 256 2128 ,
275 2037 340 2110 etsi
374 2035 482 2112 seriis
517 2037 665 2123 verius,
691 2035 804 2110 linens
829 2049 983 2110 attamen
994 2049 1132 2133 septem

147 2181 254 2258 saepe
296 2157 469 2232 excedit.
506 2156 689 2232 Orificium
714 2171 835 2232 nutem
869 2157 1051 2254 proprium
1077 2167 1130 2230 est

147 2279 281 2381 puriter
319 2277 475 2381 elliptice
513 2275 700 2367 sectione,
725 2300 815 2378 quse
843 2274 1031 2348 introrsum
1055 2271 1136 2348 lon·

148 2399 255 2500 gion,
281 2413 319 2476 nt
343 2423 446 2501 saepe
470 2397 615 2500 proprio
639 2396 827 2500 superioris
869 2394 999 2472 ceorlis
1039 2393 1136 2470 urili-

148 2517 205 2594 cio
229 2519 360 2594 minor.

253 2635 333 2710 vlt.
377 2636 553 2712 coeuntes
578 2637 617 2712 hi
658 2636 730 2712 duo
756 2637 894 2714 conules
918 2637 936 2740 (
961 2664 985 2714 v
1006 2691 1018 2728 ,
1042 2660 1087 2712 rr
1116 2630 1139 2734 )

9 2849 11 2852 Ι
148 2756 277 2832 rubum
301 2771 471 2858 generent
486 2758 710 2859 perbrevem,
737 2763 798 2862 qui
825 2783 954 2859 nempe
970 2756 1136 2859 perdens

150 2901 267 2978 prope
291 2873 401 2952 linens
425 2876 665 2971 descendens,
690 2882 729 2954 in
756 2873 922 2956 vestibuli
938 2877 1050 2954 leudo
1074 2903 1139 2980 po·

151 2999 281 3072 sterius
305 2997 572 3104 introrsumque
596 3003 764 3104 aperitur.
782 2999 1000 3077 infundibuli
1025 2999 1137 3076 forms

154 3118 292 3191 eidutn
317 3134 382 3194 est.
410 3121 454 3194 In
478 3122 557 3224 ipso
581 3151 736 3228 nemque
775 3125 951 3200 canalium
988 3147 1138 3198 occursu

156 3233 295 3312 lumine
320 3242 607 3336 commiscentur,
624 3258 660 3318 et
683 3246 841 3347 emplum
858 3243 894 3316 iu
910 3244 1042 3346 pelvim
1059 3267 1139 3316 coe·
1198 3285 1200 3290 ,

145 3350 289 3431 lescunt
312 3359 485 3434 smlrobns
500 3385 621 3460 purem
636 3364 811 3438 canolinm
827 3363 1030 3454 luminibus,
1046 3385 1138 3466 quse

152 3481 287 3553 sensim
309 3480 350 3576 in
373 3481 608 3582 cylindricum
631 3483 760 3560 tubum
786 3499 993 3584 coarctate,
1021 3493 1135 3566 circn-

154 3597 219 3675 lori
244 3601 415 3678 forsmine
439 3604 495 3706 (r)
520 3606 555 3680 iu
573 3605 751 3681 vestibulo
767 3607 910 3687 desinit.
931 3613 1065 3687 Dicunt
1078 3639 1141 3714 np-

158 3730 193 3792 te
218 3723 399 3796 canalem
425 3747 662 3800 communem
685 3731 753 3834 (s).
782 3731 870 3807 Sive
894 3734 991 3808 enim
1033 3759 1140 3836 rupo.

222 3982 269 4076 (r)
290 3980 373 4056 Tan.
403 4005 433 4054 r.
458 3987 510 4078 fig.
538 3983 571 4056 3.
594 3990 618 4058 l.
713 3991 755 4085 (r)
777 3991 861 4066 Tan.
890 4019 918 4068 r.
941 3999 995 4090 fig.
1019 4025 1050 4072 n.
1076 4004 1100 4070 l.
