2756 4874
721 491 839 585 (9¹)

292 683 384 742 uuus
407 671 572 738 mercae
597 655 776 734 medietati
800 660 916 733 leteris
941 658 1142 761 posterioris
1184 655 1275 731 ossis

291 783 457 884 petrosi,
477 779 518 854 io
544 805 614 882 quo
638 783 727 855 rime
753 791 871 882 aperta
896 762 949 854 est
966 807 976 868 ;
994 779 1080 855 alter
1104 803 1187 853 vero
1214 803 1280 877 po-

292 905 421 979 sterior
445 903 637 1004 eletiorque
660 904 817 976 internae
841 903 1018 978 medietati
1045 901 1202 1001 ejusdem
1229 898 1281 972 la-

288 1029 375 1101 teris
399 1029 464 1102 'est
501 1026 715 1114 continuus,
752 1039 788 1099 et
822 1024 1098 1124 frequentissime
1130 1034 1280 1094 tumet.

292 1145 400 1221 Varia
427 1147 535 1221 totius
560 1143 692 1218 canalis
718 1141 904 1246 longitudq
950 1167 1024 1215 esse
1062 1143 1277 1229 consuevit3

225 1253 233 1264 ’
291 1264 498 1366 saepissime
523 1291 679 1368 namque
702 1261 778 1340 vidi
805 1279 956 1364 quatuor
982 1262 1094 1336 lineas
1119 1263 1180 1339 vix
1218 1287 1283 1335 ex·

292 1380 466 1475 cessisse,
495 1400 531 1459 et
555 1381 743 1486 aliquando
768 1383 832 1460 vix
856 1383 1011 1485 attigisse
1052 1379 1183 1456 binas.
1209 1382 1285 1454 Po·

294 1513 466 1578 stremum
493 1501 561 1579 hoc
586 1503 623 1576 in
647 1501 843 1604 junioribus
852 1499 1051 1603 frequenter
1076 1501 1283 1592 observavi,

291 1623 424 1725 quibus
449 1626 576 1700 canalis
599 1625 704 1728 hujus
728 1627 842 1726 paries
868 1623 957 1697 liber
978 1678 989 1713 ,
1008 1622 1165 1696 nondum
1181 1647 1285 1696 com·

291 1743 438 1844 pletas,
465 1747 545 1820 tubi
571 1747 723 1821 formam
748 1743 1076 1846 longitudinemque
1089 1746 1281 1818 minuerat.

291 1863 373 1940 Hoc
399 1867 487 1944 dum
524 1870 592 1961 lit,
621 1891 737 1972 neque
774 1869 863 1942 rima
903 1863 1120 1966 sigmoideae
1157 1863 1288 1940 foveae

293 1987 490 2064 admodum
518 1992 675 2090 proxima
701 2002 782 2079 est,
810 1977 986 2090 nequisse
1012 1984 1164 2061 multum
1200 2013 1284 2088 epe«

292 2107 365 2198 rit,
393 2105 620 2210 exhibetque.
650 2107 884 2208 Superliciem
912 2108 1084 2181 internam
1103 2107 1287 2181 totiusca-

276 2216 408 2316 malis,
434 2227 691 2307 membranulis
716 2225 881 2302 omnibus
905 2225 1128 2326 expolitam,
1156 2227 1287 2301 laevis·

296 2348 422 2424 umam
449 2371 518 2449 ego
545 2373 685 2448 semper
711 2347 915 2439 observavi;
944 2373 1053 2449 prope
1079 2347 1208 2422 rimem
1224 2373 1288 2422 ve·

292 2487 364 2557 ro',
392 2468 429 2539 ia
455 2495 563 2569 quam
589 2469 746 2562 desinit;
775 2465 1143 2571 aliquandorugosum
1170 2523 1180 2543 .
1211 2469 1288 2544 snt

289 2590 473 2668 varietates
498 2615 620 2664 omnes
646 2593 726 2692 quis
749 2588 965 2664 recensebit?

396 2706 481 2782 Lx.
509 2709 799 2795 Dorsennus,
827 2735 911 2783 cum
936 2709 1072 2812 reliqua
1107 2709 1288 2786 calvariae
1367 2693 1368 2737 ³

295 2823 404 2918 basi,
433 2827 568 2900 interna
594 2827 703 2904 latero
730 2829 819 2902 ossis
843 2829 974 2929 petrosi
1002 2829 1206 2920 vestientis,
1233 2831 1286 2905 la·

295 2949 395 3024 mina
423 2951 600 3039 exterior,
629 2975 718 3052 quae
745 2948 952 3026 immediato
967 2965 1134 3026 contactu
1149 2951 1290 3029 ossibus
1366 3033 1367 3057 χ

297 3067 520 3170 applicatur,
547 3097 611 3174 per
635 3072 795 3164 rimam,
822 3071 857 3144 io
884 3099 953 3172 qua
996 3071 1126 3147 canalis
1166 3097 1287 3149 osseus

296 3189 536 3291 aquaeductus
562 3192 725 3268 vestibuli
750 3193 859 3268 finem
885 3191 1020 3285 babet,
1048 3196 1136 3269 intra
1157 3221 1288 3298 equae·

294 3308 444 3388 ductum
468 3313 689 3406 reflectitur,
718 3341 871 3416 eumque
896 3328 1011 3392 totum
1038 3315 1209 3407 investit,
1239 3317 1286 3392 ad
1365 3355 1366 3375 κ

292 3431 474 3507 orificium
501 3461 611 3538 usque
636 3461 742 3510 suum
767 3437 857 3510 intra
892 3434 1108 3513 vestibulum
1132 3447 1285 3534 patens.

284 3540 335 3625 'Iu
363 3549 458 3644 hoc,
486 3579 548 3653 per
572 3553 752 3646 canalem,
781 3580 992 3658 progressu,
1019 3554 1122 3656 hujus
1147 3555 1285 3657 aptissi-
1364 3633 1365 3638 ,

292 3695 356 3746 me
381 3673 586 3772 superficiei
611 3671 851 3771 adhaerescit,
879 3701 969 3778 quae
986 3675 1132 3778 proinde
1156 3673 1284 3756 laevis-

271 3782 396 3882 sima,
424 3785 563 3892 quoties
589 3793 798 3870 observatur
823 3793 942 3870 adhuc
976 3795 1064 3870 dura
1090 3809 1206 3870 matre
1230 3801 1284 3872 in·

288 3907 377 3986 duta
410 3967 422 4006 ,
463 3919 724 4016 comperitur.
764 3917 823 3990 Ab
861 3918 998 3991 orificio
1040 3917 1288 4019 aquaeductus
1363 3973 1364 4012 ,

281 4029 433 4132 (uvrrr
454 4032 472 4135 )
496 4037 694 4114 reflectitur
719 4035 767 4113 ed
793 4049 908 4118 totam
933 4036 1129 4138 labyrinthi
1160 4062 1283 4142 super·
