2760 4874
564 369 702 458 (14⁵)
792 347 795 355 ¹

170 574 199 620 a.
219 545 365 615 Fenestra
391 539 499 609 ovalis.

156 657 189 722 b.
215 653 320 722 Locus
344 652 397 718 ubi
418 671 523 740 ningo
549 648 637 742 hujus
659 651 801 723 fenestrae
824 675 934 722 cursus
971 657 1005 724 fit
1027 657 1089 751 ela·

212 768 282 832 tior.

157 897 188 944 e.
213 868 316 940 Locus
338 874 392 942 ubi
415 893 522 963 margo
546 867 678 960 ejusdem
700 883 797 938 rectus
819 873 926 960 gibbus
949 875 996 942 fir.

122 984 190 1050 dd.
216 981 318 1050 Peleia
339 984 483 1052 senense
506 979 611 1048 oralia.

155 1114 186 1154 e.
214 1087 362 1157 Fenestra
386 1086 526 1154 rotunda.

159 1198 187 1268 f.
211 1194 326 1288 Ligula
347 1201 379 1264 in
401 1195 459 1266 hac
480 1195 606 1262 fenestra
630 1210 734 1266 eontra
762 1196 874 1266 scalam
896 1204 1032 1291 tympani
1053 1225 1086 1266 e·

212 1321 305 1374 recta.

154 1445 191 1514 g.
217 1415 322 1486 Tuber
344 1425 376 1488 in
399 1434 542 1512 tympano
565 1422 717 1503 eminens,
742 1420 796 1486 sub
820 1418 902 1512 quod
925 1419 1087 1488 abscondi·

215 1542 247 1594 ta
269 1545 314 1597 est
336 1527 477 1596 cochlea.

154 1634 338 1706 h.=Canalis
360 1633 587 1708 semicircularis
609 1643 750 1706 exterior.

160 1747 183 1808 i.
210 1740 331 1810 Canalis
353 1745 579 1812 semicircularis
602 1750 745 1835 superior.

139 1854 182 1925 lt·¹
206 1852 330 1924 Caralis
346 1853 574 1922 semicirculus
596 1861 756 1947 posterior.

291 2023 559 2152 e1ennn
598 2073 908 2162 scurrus.

206 2299 388 2377 Ostendit
406 2307 558 2400 apicem
581 2293 763 2374 cochleae
787 2296 968 2389 dextrae,
987 2325 1085 2400 qua·

102 2421 160 2498 lis·
182 2435 351 2524 appares
375 2421 519 2522 capula
547 2423 727 2495 detracta
747 2423 814 2519 fig.
856 2421 892 2492 5.
933 2448 1005 2512 ιι.,
1045 2437 1087 2494 nt

101 2540 427 2644 infundibulum,
450 2547 536 2641 gyri
562 2539 644 2616 albi
669 2541 837 2616 laminae
853 2541 1009 2638 spiratis
1025 2565 1085 2613 ro·

96 2679 255 2758 rtrum,
281 2667 463 2740 terminus
490 2681 526 2738 et
552 2680 715 2738 rostrum
740 2687 862 2737 nonae
905 2659 1086 2736 cochleae

97 2787 339 2861 naturalem
363 2792 491 2884 positae
517 2789 836 2885 conspicerentur.
849 2784 996 2860 Anactes
1011 2809 1079 2856 an·
1123 2867 1126 2874 λ

101 2920 178 2980 tem
205 2906 260 2982 ad
283 2906 481 3006 decuplum
507 2913 640 3002 virro,
667 2913 797 3006 pictus
823 2921 891 2980 est.

120 3165 185 3213 aa.
211 3146 384 3240 Semigyrus
405 3145 528 3216 rrltimus
553 3143 704 3212 cochleae.

144 3256 181 3322 b.
207 3251 392 3328 Extremitas
414 3258 537 3326 secuffli
559 3260 638 3354 gyri.

145 3390 179 3436 c.
205 3363 351 3436 Centrum
374 3366 598 3452 infundibuli„
621 3371 681 3436 sive
705 3365 851 3436 orificium
887 3366 978 3445 tubi,
1003 3366 1082 3430 cirea

218 3501 308 3568 quern
330 3478 451 3548 secundi
474 3477 616 3548 cochleae
637 3481 704 3570 gyri
726 3491 875 3568 postrema
885 3473 1038 3559 medietas,
1055 3485 1085 3540 et

215 3584 338 3656 ultimus
358 3592 520 3682 semigyrus
540 3601 610 3656 sunt
632 3582 774 3652 declives.
804 3603 807 3610 ’

147 3699 183 3766 d.
207 3697 320 3790 Margo
342 3700 442 3786 liber,
462 3705 494 3770 in
517 3723 577 3794 quo
600 3700 705 3769 desinit
727 3699 850 3768 ultimus
872 3703 1045 3790 semigyrus.
1062 3791 1087 3812 ..

158 3835 187 3877 e.
211 3812 357 3885 Rostrum
378 3815 447 3908 gyri
469 3814 530 3886 albi
552 3817 679 3976 lanliuae
701 3819 841 3912 spinalis,
866 3827 894 3892 in
919 3843 996 3912 quo.¹
