2760 4874
555 467 695 566 (tro)

129 621 241 708 animi
265 631 341 708 vim
365 655 531 732 prorsum
557 635 752 733 sopiverit.
777 633 882 729 Quae
919 637 969 714 si·
989 659 1115 720 eornm
1245 659 1250 668 ’

129 751 266 828 invidia
300 764 384 844 est,
422 753 687 856 gaudebimas;
730 756 761 832 ai
798 758 1114 856 inconsiderantia,

128 870 268 950 levitati
292 873 480 950 heminam
505 901 718 978 parcemss;
743 877 771 954 ai
796 877 1012 983 malignitas,
1027 909 1112 982 pro·

124 997 278 1069 t'essicne
301 997 453 1070 nominis
478 996 651 1100 indignos¹
670 997 744 1072 eda
766 995 932 1074 hemines
952 999 1113 1079 ‹Emitte-

125 1139 236 1189 mss.
265 1111 343 1190 Nos
367 1127 487 1189 nmen
512 1141 585 1190 non
618 1115 835 1192 cessabimus
860 1117 1029 1192 virtatem
1052 1140 1116 1194 ex·

125 1235 274 1308 tondere
298 1234 423 1326 iactis,
451 1254 486 1311 et
510 1251 701 1314 concutere
724 1239 972 1338 nosmetipsos,
1000 1263 1047 1314 ne
1070 1243 1110 1314 ia
1140 1289 1143 1294 ·

123 1355 232 1426 tantis
258 1365 402 1428 naturae
426 1356 554 1447 bonis,
580 1383 679 1449 nna,
704 1355 802 1459 qaod
824 1371 931 1458 capot
954 1369 1021 1452 eat,
1063 1355 1113 1434 ad

120 1476 291 1549 virtutem
328 1477 563 1552 contendendi
598 1477 779 1556 solentne
801 1503 1013 1556 mmmm.
1038 1477 1112 1554 Ita·

120 1591 238 1666 lorum
266 1598 357 1670 enim
383 1596 496 1698 gloria
521 1610 602 1692 stat,
630 1613 667 1676 st
682 1597 797 1675 donec
818 1595 981 1674 tumim
1005 1609 1108 1672 erant

115 1712 225 1786 stabit
250 1737 385 1810 spero,
412 1719 545 1816 gentis,
571 1719 658 1812 cni,
685 1719 716 1792 si
740 1715 800 1793 sel
823 1715 971 1796 mam
995 1713 1110 1790 sortu-

115 1859 164 1908 na
190 1836 310 1906 omnia
335 1834 553 1931 detraxerit,
580 1849 717 1912 erectus
757 1835 924 1929 animos,
964 1859 1111 1937 magns-

117 1977 270 2052 rnmque
295 1981 405 2057 capax
430 1981 562 2048 rernm,
589 1953 961 2057 temperantiajudicii
986 1954 1109 2026 inimi·

117 2071 266 2163 tabidis,
293 2073 407 2147 ordini
433 2087 512 2148 nata
537 2097 639 2148 mens
665 2099 846 2175 nonquam
871 2071 998 2148 deerit:
1025 2073 1107 2170 qni-

110 2189 180 2264 hns
205 2206 328 2268 notem
350 2196 416 2271 ista
443 2221 516 2268 non
540 2193 684 2285 desint,
724 2193 813 2296 quid
836 2191 958 2268 deesse
995 2193 1107 2290 possit

110 2333 187 2382 non
229 2313 398 2388 invenio.
438 2312 514 2388 Nos
539 2316 710 2414 privatam
750 2326 909 2388 nostram
946 2335 1104 2387 mansam

112 2453 184 2503 non
210 2432 395 2525 dicemus;
421 2450 590 2538 certoque
610 2435 874 2522 moderationis,
898 2445 935 2508 et
974 2428 1102 2506 mode·

106 2555 198 2627 stiae
223 2558 408 2658 exemplo,
435 2561 576 2659 egregia
601 2569 719 2632 nostra
742 2558 781 2629 in
805 2556 903 2632 omni
919 2552 1100 2628 doctrinae

108 2699 239 2775 genere
260 2647 467 2751 iarnamenta
492 2677 710 2753 tacebimus.
738 2676 815 2750 Vos
844 2673 1094 2750 Adolescentes
1179 2717 1188 2724 -

109 2795 252 2868 confido
278 2821 349 2870 non
375 2800 469 2872 eritis
493 2797 702 2898 degeneres,
728 2811 802 2872 tam
826 2797 1017 2900 praestanii
1041 2795 1096 2866 in·

106 2917 215 3016 genio
238 2916 415 3015 praediti,
443 2933 496 2994 tot
521 2918 867 3017 exemplis-incitati,
895 2928 949 2990 tot
992 2937 1095 2988 com·

105 3033 339 3112 moditrtibos
362 3039 493 3140 adjuti:
521 3063 612 3138 qnae
638 3040 668 3112 si
693 3037 819 3112 nostris
834 3029 1099 3108 hominibusad

105 3155 313 3253 sapientiam
338 3157 587 3260 capessendam
614 3183 792 3256 nunquam
809 3153 968 3243 defuere,
992 3150 1098 3226 hodie

101 3289 213 3367 certe,
230 3279 476 3377 sapientissimi
492 3277 737 3354 PR1NCIPIS
755 3275 978 3378 providentia
995 3327 1008 3365 ,
1035 3273 1093 3346 di·

106 3394 392 3470 cendnmetiam
417 3421 608 3498 superesse.
637 3399 712 3470 Vos
739 3421 783 3470 ne
809 3395 910 3473 vobis
926 3396 1052 3470 desitis
1063 3391 1100 3465 id

104 3516 212 3586 unice
237 3528 397 3612 oportet;
428 3542 492 3592 nec
518 3529 613 3592 certe
637 3517 810 3610 deeritis,
839 3518 869 3590 si
909 3515 1027 3590 animo
1052 3511 1099 3586 ad

101 3632 299 3708 litterarum
322 3634 437 3710 studia
461 3636 636 3711 accedetis
663 3649 809 3736 parato,
836 3647 873 3708 et
896 3637 1070 3734 integro.

150 3753 220 3828 111.
256 3753 350 3832 Nam
386 3754 576 3858 sapientiae
612 3781 758 3856 operam
793 3757 877 3832 dare
919 3751 1095 3856 quaedam

99 3874 212 3952 veluti
235 3877 406 3978 palaestra
433 3892 507 3956 est:
534 3878 743 3980 implendus·
776 3891 831 3954 est
863 3881 1002 3952 animus
1044 3902 1101 3948 rn-

53 4043 56 4052 ·
101 3995 219 4095 bore,
248 4001 346 4100 qnod
370 4001 403 4078 ei
427 4000 586 4104 cognitio
626 4002 781 4082 veritatis
816 4000 994 4104 acquirit.
1029 3997 1101 4074 Ne·
