2756 4874
509 431 647 530 (ηδ’)

92 605 206 710 patri,
234 601 314 680 finis
340 603 374 679 in
400 605 570 678 calvariae
595 605 772 678 cavitate:
792 617 951 704 apertum
977 613 1070 680 sem·

92 754 157 828 per
181 741 374 828 utrumque
399 722 567 826 nulloque
600 723 884 798 membranarum
923 749 1079 828 genere,

93 845 149 921 vel
177 848 324 919 minima
351 858 521 944 exparte,
542 845 713 918 clausurn.
734 845 821 939 Ejus
848 846 1024 944 originem
1043 844 1081 916 in

93 965 238 1041 cochlea
266 968 453 1062 orificium
478 972 652 1064 superius
677 966 925 1064 appellamus,
954 966 1079 1042 terrai·
1114 971 1121 992 '

96 1115 183 1160 num
210 1087 277 1159 sub
304 1086 422 1158 canale
448 1109 639 1159 nervorum
666 1088 846 1160 communi
890 1089 1081 1181 orificium

95 1206 251 1280 dicimus
276 1204 432 1303 ejusdem
459 1203 636 1303 inferius.
665 1203 756 1276 lttuu
783 1219 918 1278 arctum
960 1197 1079 1295 adona

96 1339 133 1396 ot
160 1349 266 1422 saepo
292 1323 515 1398 tenuissimae
541 1336 634 1394 satae
659 1324 795 1396 aditum
822 1321 986 1424 deneget,
1015 1325 1082 1398 laoo

95 1451 143 1518 ita
173 1460 323 1544 patens,
351 1456 392 1516 ut
419 1447 523 1516 unius
548 1471 679 1544 saepe,
707 1447 856 1518 duarum
893 1473 961 1518 ιιοιι
1004 1473 1081 1520 raro

94 1561 271 1638 linearum
297 1566 414 1637 lumen
443 1563 595 1638 viderim
634 1565 854 1638 obtinuisse.
893 1563 970 1637 Hoc
998 1590 1083 1666 ergo

96 1686 219 1758 lumen
248 1711 265 1752 a
295 1684 465 1784 superiori
492 1681 538 1756 ad
564 1683 892 1786 irile'riusorilirium
920 1683 1083 1758 contiuuo

98 1807 237 1894 crescit,
257 1821 292 1876 et
318 1811 392 1904 ojus
417 1829 535 1876 caussa
561 1801 798 1902 aquaeductus
814 1805 922 1876 tubae
939 1829 1084 1878 sonorae

98 1930 253 2000 formam
279 1921 544 2026 quodammodo
570 1925 802 2022 indipiscitur.
823 1925 1005 2000 Orisreiurn
1024 1951 1085 1998 au·

94 2061 167 2118 tem
211 2043 353 2116 inferius
391 2045 427 2117 in
483 2043 676 2142 quamdam
718 2047 942 2146 triangularis
983 2072 1083 2118 areae

97 2165 254 2262 speciem
284 2162 413 2236 desinit
440 2161 501 2260 (a)
522 2165 644 2258 ;cujus
672 2191 779 2238 ιιιιιιιιι
797 2163 886 2238 latus
912 2165 949 2236 in
974 2179 1085 2240 coest

98 2287 261 2385 margine
287 2287 440 2372 mincii,
468 2285 528 2384 qui
556 2282 621 2354 sub
647 2287 758 2358 canali
787 2284 992 2357 observatur
1005 2313 1083 2361 uer-

97 2431 227 2480 aorum
253 2408 435 2482 communi
462 2403 560 2503 (x),
599 2401 671 2478 duo
710 2405 847 2506 reliqua
888 2421 1084 2482 antrorsum

98 2527 144 2598 ad
169 2550 207 2598 so
235 2527 383 2600 inuicem
411 2524 592 2596 accedant.
634 2525 813 2598 Postrema
840 2539 956 2598 tamen
997 2525 1084 2600 liaec

97 2649 207 2726 latera
234 2649 269 2720 in
296 2645 468 2746 angulum
493 2673 561 2718 nou
591 2647 832 2739 conveniunt,
861 2647 921 2720 sed
948 2647 1085 2722 hiatum

104 2770 312 2870 relinquunt
329 2769 418 2838 inter
435 2791 489 2856 se,
507 2789 576 2866 quo
593 2765 839 2838 semicanalis
851 2761 913 2867 (y)
926 2771 1085 2840 coutine-

99 2905 185 2982 tur,
213 2893 274 2991 qni
301 2907 499 2962 antrorsurn
526 2885 763 2974 descendens,
793 2885 826 2956 in
853 2889 1085 2988 posteriorem

99 3013 232 3086 desinit
257 3026 394 3110 partem
420 3007 512 3082 illius
539 3007 638 3096 loci,
665 3011 700 3080 in
726 3032 797 3110 quo
824 3003 923 3078 lovea
941 3033 1006 3106 pro
1032 3008 1086 3080 di-

100 3128 275 3206 verticulo
298 3154 406 3204 venae
432 3126 602 3228 juguleris
626 3125 700 3226 (a),
728 3152 811 3200 cum
836 3125 1006 3200 foramine
1031 3155 1088 3200 ca·

101 3249 254 3324 totidem
280 3248 432 3322 ducente
458 3245 545 3345 (a),
574 3249 609 3318 in
636 3245 743 3318 latere
769 3247 899 3344 petrosi
925 3251 1011 3322 ossis
1036 3249 1087 3318 in-

99 3371 218 3460 fimo,
246 3395 284 3450 se,
308 3367 528 3466 contingunt·
546 3367 823 3440 Hiacauteriora
849 3363 933 3440 haec
959 3391 1087 3467 aquae·

139 3617 194 3705 (u)
216 3607 310 3681 Tab'„
331 3638 361 3680 1.
392 3613 443 3702 fig.
470 3634 501 3680 2.
527 3637 568 3680 ιιι.
707 3638 739 3680 a.
755 3638 787 3678 a.

142 3727 190 3814 (x)
215 3722 293 3795 lbid.
315 3723 369 3814 lig.
397 3747 425 3788 1.
451 3745 470 3812 p
484 3723 572 3814 prig.
664 3725 706 3810 (z)
729 3721 809 3788 Ibid.
834 3725 887 3816 fig.
911 3747 935 3790 ι.
959 3748 991 3816 p.

188 3856 219 3895 a.
244 3831 278 3898 la.
364 3887 368 3892 .
662 3831 707 3919 (a)
729 3827 809 3896 lbid.
833 3832 867 3900 lt.

140 3938 189 4028 a)
214 3935 293 4003 aaa
319 3939 373 4031 fig.
411 3962 440 4005 1.
464 3965 496 4030 q.
514 3941 566 4032 ag.
896 3919 906 3930 ’
