2790 4872
513 499 529 590 t
550 495 630 591 to)

182 661 350 740 XXVII.
379 663 526 764 Septem
552 662 650 752 boc,
677 686 746 763 qua
771 685 791 734 a
817 661 1001 762 pyramide
1017 665 1069 740 ri·

82 781 244 885 cinisque
268 786 355 859 lucis
382 786 456 858 exit
480 783 604 856 album
631 796 710 871 est,
738 793 773 855 et
797 784 946 858 radiatas
987 809 1074 860 nera

83 929 187 978 vocas
212 905 317 978 fibras
343 903 568 992 manifestat,
596 922 716 976 versus
741 901 889 976 lendum
918 903 1073 980 restibu-

80 1023 108 1096 li
134 1021 392 1096 decurrentes:
423 1021 607 1119 paullatim
633 1044 718 1094 vero
761 1034 996 1112 extenuatur,
1036 1035 1073 1096 et

80 1141 278 1242 diaplranae
304 1139 531 1213 membranae
565 1139 715 1213 lormam
758 1143 921 1241 acquirit.
965 1141 1073 1240 Spina

83 1263 335 1336 discriminans
361 1261 589 1336 semioralem
614 1259 658 1334 ab
683 1252 961 1362 hemisphaerica
980 1267 1076 1338 cavi-

85 1395 158 1456 tate
184 1382 295 1483 (ιιι)
321 1404 384 1478 pro
409 1380 601 1453 insertione
627 1377 803 1454 inferioris
827 1382 914 1481 septi
933 1383 1074 1454 nervosi
1116 1411 1120 1422 ·

89 1506 201 1604 partis
228 1505 387 1576 maxime
411 1499 509 1572 facit.
537 1497 576 1573 ln
602 1502 785 1600 juniorum
809 1503 999 1604 praecipue
1025 1500 1077 1574 ie-

85 1637 190 1697 tuum
218 1623 357 1696 siccatis
382 1620 514 1720 absque
539 1617 610 1690 ulla
652 1623 890 1692 maceratione
933 1621 1077 1722 praevia

91 1742 311 1831 vestibulis,
338 1741 530 1842 quamdam
555 1737 674 1814 vidia
710 1743 895 1842 pyramide
931 1745 1080 1844 ejusque

88 1867 219 1940 vicinia
244 1863 416 1939 albissimi
443 1859 554 1932 veluti
578 1859 713 1935 flabelli
739 1863 892 1964 speciem
919 1863 1078 1964 prodire,

89 1983 192 2086 quod
215 1984 262 2056 ab
287 1979 473 2056 exsiccatis
497 2001 687 2054 nervorum
709 1980 924 2054 mollissimis
949 1981 1019 2056 fitis
1033 1975 1085 2054 el'·

87 2104 286 2178 finiebatur:
299 2099 456 2176 adbibita
482 2101 615 2172 etenim
633 2101 868 2173 maceratione
882 2097 1077 2174 diffluebat.

90 2223 134 2296 ln
162 2221 291 2296 eodem
332 2244 474 2322 quoque
514 2233 641 2320 septo,
670 2243 779 2318 prope
804 2224 1003 2293 communis
1028 2246 1085 2292 ca·

96 2343 190 2417 nalis
216 2343 428 2433 orificium,
454 2337 632 2416 maculam
658 2339 875 2414 albissimam
899 2343 973 2416 fere
998 2367 1088 2442 quu-

100 2463 315 2566 dmngnlam
340 2487 445 2564 saepe
484 2461 697 2548 observavi,
738 2457 811 2534 leni
837 2475 930 2536 tactu
966 2463 1087 2538 dilllu·

100 2595 256 2671 entem,
285 2607 390 2683 quum
417 2581 663 2655 mollissimum
689 2605 764 2654 esse
790 2579 927 2656 diceres
946 2569 1086 2658 cerebri

97 2701 310 2779 medullam.
325 2701 468 2803 Neque,
489 2703 555 2776 etsi
572 2703 690 2802 primo
707 2715 849 2801 aspectu
866 2705 979 2779 tenuis
996 2717 1089 2779 stru·

103 2837 209 2898 ctnra
233 2825 326 2922 septi
351 2821 545 2912 videatur,
571 2821 704 2923 absque
729 2821 856 2896 robore
876 2845 949 2896 esse
966 2838 1091 2923 putan-

103 2943 197 3018 dum
224 2955 289 3016 en.
317 2941 412 3016 Nam
439 2965 503 3043 per
527 2945 725 3016 communis
759 2941 887 3018 canalis
913 2943 1094 3020 orificium

98 3067 168 3140 tria
195 3089 307 3164 prope
332 3064 499 3138 mercurii
524 3089 634 3165 grana
658 3063 694 3136 in
711 3059 917 3137 anteriorem
936 3064 1095 3141 restibu-

104 3183 135 3256 li
162 3184 353 3259 caritatem
379 3180 526 3283 impuli,
554 3196 660 3284 atque
685 3181 801 3280 posito
825 3183 872 3253 ita
898 3195 1028 3283 septo,
1057 3179 1097 3259 ut

103 3303 278 3378 mercurii
303 3297 416 3376 moles
442 3303 476 3375 in
505 3327 548 3375 eo
573 3303 777 3404 gravitaret,
797 3301 929 3408 absqde
946 3307 1018 3380 ulla
1034 3287 1095 3381 ru·

103 3423 229 3521 ptione
257 3419 435 3494 sustinuit.
465 3417 657 3496 Robustius
682 3434 801 3495 tamen
827 3423 865 3496 in
892 3437 972 3499 ortu
1000 3441 1052 3500 est
1079 3483 1091 3521 ‚

103 3545 140 3615 iu
168 3539 306 3613 ambitu
334 3539 469 3640 reliquo
494 3540 630 3616 facilius
645 3539 865 3619 dissolvitur.
883 3545 1019 3620 Totum
1033 3575 1096 3622 au-

104 3675 179 3735 tem
195 3689 213 3732 a
231 3659 451 3761 duplicatum
478 3661 618 3737 videtur
643 3663 806 3740 vestibuli
831 3663 988 3764 perios'tii
1001 3673 1097 3770 vagi·

104 3795 258 3870 natum,
288 3805 373 3854 cum
399 3798 517 3882 aperte
537 3786 784 3886 conspexerim
815 3775 980 3884 perio'stio
995 3813 1098 3861 cuna·

106 3901 150 3976 lis
176 3905 379 3976 communis
405 3903 512 4004 (vri)
538 3907 745 3978 continuari.
773 3903 869 3980 llaec
896 3909 962 3980 nisi
990 3907 1097 3984 inre-

109 4023 325 4100 centissimis
350 4025 519 4121 auribus,
545 4039 717 4127 cauteque
732 4023 891 4104 dissectis
907 4027 1098 4110 obsecren-

723 4127 750 4202 d
