<?xml version="1.0" encoding="UTF-8"?>
<!DOCTYPE html PUBLIC "-//W3C//DTD XHTML 1.0 Transitional//EN"
    "http://www.w3.org/TR/xhtml1/DTD/xhtml1-transitional.dtd">
<html xmlns="http://www.w3.org/1999/xhtml" xml:lang="en" lang="en">
 <head>
  <title>
</title>
<meta http-equiv="Content-Type" content="text/html;charset=utf-8" />
  <meta name='ocr-system' content='tesseract 3.04.00' />
  <meta name='ocr-capabilities' content='ocr_page ocr_carea ocr_par ocr_line ocrx_word'/>
</head>
<body>
  <div class='ocr_page' id='page_1' title='image "./opusculamedica01cotugoog_0069.png"; bbox 0 0 2790 4872; ppageno 0'>
   <div class='ocr_carea' id='block_1_1' title="bbox 776 437 894 537">
    <p class='ocr_par' dir='ltr' id='par_1_1' title="bbox 776 437 894 537">
     <span class='ocr_line' id='line_1_1' title="bbox 776 437 894 537; baseline 0.008 -1"><span class='ocrx_word' id='word_1_1' title='bbox 776 437 894 537; x_wconf 77' lang='grc'>(36)</span> 
     </span>
    </p>
   </div>
   <div class='ocr_carea' id='block_1_2' title="bbox 318 621 1326 975">
    <p class='ocr_par' dir='ltr' id='par_1_2' title="bbox 318 621 1326 975">
     <span class='ocr_line' id='line_1_2' title="bbox 318 621 1326 730; baseline 0.011 -28"><span class='ocrx_word' id='word_1_2' title='bbox 318 621 643 704; x_wconf 64' lang='grc' dir='ltr'><strong>·ειιῑειιι’·εεεεᾶηηῑ</strong></span> <span class='ocrx_word' id='word_1_3' title='bbox 667 623 793 724; x_wconf 88' lang='lat' dir='ltr'><strong>plura,</strong></span> <span class='ocrx_word' id='word_1_4' title='bbox 822 655 911 730; x_wconf 83' lang='lat' dir='ltr'><strong>quae</strong></span> <span class='ocrx_word' id='word_1_5' title='bbox 937 622 1140 729; x_wconf 82' lang='lat' dir='ltr'><strong>labyrinthi·</strong></span> <span class='ocrx_word' id='word_1_6' title='bbox 1171 647 1326 712; x_wconf 79' lang='lat' dir='ltr'><strong>caveant</strong></span> 
     </span>
     <span class='ocr_line' id='line_1_3' title="bbox 331 747 1320 847; baseline 0.009 -28"><span class='ocrx_word' id='word_1_7' title='bbox 331 747 544 845; x_wconf 81' lang='lat' dir='ltr'><strong>perficiunt.</strong></span> <span class='ocrx_word' id='word_1_8' title='bbox 569 747 607 820; x_wconf 85' lang='lat' dir='ltr'><strong>:E</strong></span> <span class='ocrx_word' id='word_1_9' title='bbox 628 747 790 846; x_wconf 25' lang='lat' dir='ltr'><strong>,primum</strong></span> <span class='ocrx_word' id='word_1_10' title='bbox 824 751 1035 823; x_wconf 83' lang='lat' dir='ltr'><strong>tenuissima</strong></span> <span class='ocrx_word' id='word_1_11' title='bbox 1078 753 1286 828; x_wconf 82' lang='lat' dir='ltr'><strong>membrana</strong></span> <span class='ocrx_word' id='word_1_12' title='bbox 1308 812 1320 847; x_wconf 91' lang='lat'>‚</span> 
     </span>
     <span class='ocr_line' id='line_1_4' title="bbox 326 873 1324 975; baseline 0.008 -33"><span class='ocrx_word' id='word_1_13' title='bbox 326 893 469 946; x_wconf 82' lang='lat' dir='ltr'><strong>omnem</strong></span> <span class='ocrx_word' id='word_1_14' title='bbox 497 877 570 973; x_wconf 86' lang='lat' dir='ltr'><strong>ejus</strong></span> <span class='ocrx_word' id='word_1_15' title='bbox 594 873 820 975; x_wconf 84' lang='lat' dir='ltr'><strong>superficiem</strong></span> <span class='ocrx_word' id='word_1_16' title='bbox 847 876 1056 963; x_wconf 68' lang='lat' dir='ltr'><strong>investitam,</strong></span> <span class='ocrx_word' id='word_1_17' title='bbox 1076 877 1133 947; x_wconf 84' lang='lat' dir='ltr'><strong>cni</strong></span> <span class='ocrx_word' id='word_1_18' title='bbox 1146 881 1324 972; x_wconf 74' lang='lat' dir='ltr'><strong>periostr&#39;i</strong></span> 
     </span>
    </p>
   </div>
   <div class='ocr_carea' id='block_1_3' title="bbox 324 995 1329 1096">
    <p class='ocr_par' dir='ltr' id='par_1_3' title="bbox 324 995 1329 1096">
     <span class='ocr_line' id='line_1_5' title="bbox 324 995 1329 1096; baseline 0.001 -25"><span class='ocrx_word' id='word_1_19' title='bbox 324 1021 457 1071; x_wconf 76' lang='lat' dir='ltr'><strong>nomen</strong></span> <span class='ocrx_word' id='word_1_20' title='bbox 480 995 606 1070; x_wconf 87' lang='lat' dir='ltr'><strong>datum</strong></span> <span class='ocrx_word' id='word_1_21' title='bbox 631 1011 696 1071; x_wconf 84' lang='lat' dir='ltr'><strong>est.</strong></span> <span class='ocrx_word' id='word_1_22' title='bbox 740 997 846 1085; x_wconf 79' lang='lat' dir='ltr'><strong>Hoc,</strong></span> <span class='ocrx_word' id='word_1_23' title='bbox 887 995 954 1096; x_wconf 82' lang='lat' dir='ltr'><strong>qua</strong></span> <span class='ocrx_word' id='word_1_24' title='bbox 994 995 1220 1069; x_wconf 83' lang='lat' dir='ltr'><strong>vestibulum·</strong></span> <span class='ocrx_word' id='word_1_25' title='bbox 1254 1021 1329 1074; x_wconf 62' lang='grc' dir='ltr'><strong>νει·</strong></span> 
     </span>
    </p>
   </div>
   <div class='ocr_carea' id='block_1_4' title="bbox 267 1116 1319 3166">
    <p class='ocr_par' dir='ltr' id='par_1_4' title="bbox 267 1116 1319 3166">
     <span class='ocr_line' id='line_1_6' title="bbox 328 1116 1319 1216; baseline 0 -26"><span class='ocrx_word' id='word_1_26' title='bbox 328 1119 387 1190; x_wconf 80' lang='lat' dir='ltr'><strong>stit</strong></span> <span class='ocrx_word' id='word_1_27' title='bbox 427 1117 576 1192; x_wconf 77' lang='lat' dir='ltr'><strong>crassius</strong></span> <span class='ocrx_word' id='word_1_28' title='bbox 619 1129 693 1209; x_wconf 82' lang='lat' dir='ltr'><strong>est,</strong></span> <span class='ocrx_word' id='word_1_29' title='bbox 737 1117 877 1190; x_wconf 88' lang='lat' dir='ltr'><strong>tenuius</strong></span> <span class='ocrx_word' id='word_1_30' title='bbox 919 1116 1051 1216; x_wconf 81' lang='lat' dir='ltr'><strong>longe,</strong></span> <span class='ocrx_word' id='word_1_31' title='bbox 1089 1118 1228 1216; x_wconf 88' lang='lat' dir='ltr'><strong>quade</strong></span> <span class='ocrx_word' id='word_1_32' title='bbox 1255 1143 1319 1190; x_wconf 90' lang='lat' dir='ltr'><strong>ve·</strong></span> 
     </span>
     <span class='ocr_line' id='line_1_7' title="bbox 325 1235 1316 1336; baseline 0.004 -26"><span class='ocrx_word' id='word_1_33' title='bbox 325 1235 455 1311; x_wconf 73' lang='lat' dir='ltr'><strong>stibulo</strong></span> <span class='ocrx_word' id='word_1_34' title='bbox 480 1237 525 1310; x_wconf 83' lang='lat' dir='ltr'><strong>a&#39;d</strong></span> <span class='ocrx_word' id='word_1_35' title='bbox 551 1235 786 1311; x_wconf 87' lang='lat' dir='ltr'><strong>investiendos</strong></span> <span class='ocrx_word' id='word_1_36' title='bbox 804 1239 940 1310; x_wconf 83' lang='lat' dir='ltr'><strong>canales</strong></span> <span class='ocrx_word' id='word_1_37' title='bbox 966 1239 1211 1336; x_wconf 83' lang='lat' dir='ltr'><strong>proficiscitur.</strong></span> <span class='ocrx_word' id='word_1_38' title='bbox 1232 1241 1316 1314; x_wconf 86' lang='lat' dir='ltr'><strong>Hoc</strong></span> 
     </span>
     <span class='ocr_line' id='line_1_8' title="bbox 324 1359 1316 1458; baseline 0.003 -26"><span class='ocrx_word' id='word_1_39' title='bbox 324 1359 451 1439; x_wconf 88' lang='lat' dir='ltr'><strong>eodem</strong></span> <span class='ocrx_word' id='word_1_40' title='bbox 479 1387 527 1436; x_wconf 85' lang='lat' dir='ltr'><strong>ex·</strong></span> <span class='ocrx_word' id='word_1_41' title='bbox 550 1359 714 1434; x_wconf 84' lang='lat' dir='ltr'><strong>vestibuli</strong></span> <span class='ocrx_word' id='word_1_42' title='bbox 754 1375 853 1458; x_wconf 86' lang='lat' dir='ltr'><strong>parte</strong></span> <span class='ocrx_word' id='word_1_43' title='bbox 885 1360 1032 1432; x_wconf 77' lang='lat' dir='ltr'><strong>fenestra</strong></span> <span class='ocrx_word' id='word_1_44' title='bbox 1059 1359 1170 1434; x_wconf 86' lang='lat' dir='ltr'><strong>ovnlis</strong></span> <span class='ocrx_word' id='word_1_45' title='bbox 1197 1360 1316 1435; x_wconf 77' lang='lat' dir='ltr'><strong>clausa</strong></span> 
     </span>
     <span class='ocr_line' id='line_1_9' title="bbox 321 1478 1318 1580; baseline 0 -28"><span class='ocrx_word' id='word_1_46' title='bbox 321 1493 404 1569; x_wconf 82' lang='lat' dir='ltr'><strong>est,</strong></span> <span class='ocrx_word' id='word_1_47' title='bbox 433 1491 470 1551; x_wconf 88' lang='lat' dir='ltr'><strong>et</strong></span> <span class='ocrx_word' id='word_1_48' title='bbox 495 1479 647 1578; x_wconf 84' lang='lat' dir='ltr'><strong>stapedis</strong></span> <span class='ocrx_word' id='word_1_49' title='bbox 672 1479 796 1570; x_wconf 83' lang='lat' dir='ltr'><strong>basis,</strong></span> <span class='ocrx_word' id='word_1_50' title='bbox 824 1505 892 1580; x_wconf 84' lang='lat' dir='ltr'><strong>qua</strong></span> <span class='ocrx_word' id='word_1_51' title='bbox 910 1478 995 1553; x_wconf 88' lang='lat' dir='ltr'><strong>haec</strong></span> <span class='ocrx_word' id='word_1_52' title='bbox 1022 1479 1168 1554; x_wconf 80' lang='lat' dir='ltr'><strong>fenestra</strong></span> <span class='ocrx_word' id='word_1_53' title='bbox 1185 1483 1318 1580; x_wconf 76' lang='lat' dir='ltr'><strong>imple·</strong></span> 
     </span>
     <span class='ocr_line' id='line_1_10' title="bbox 267 1589 1312 1700; baseline 0.008 -34"><span class='ocrx_word' id='word_1_54' title='bbox 267 1689 268 1694; x_wconf 6' lang='grc' dir='ltr'><strong>Ἰ</strong></span> <span class='ocrx_word' id='word_1_55' title='bbox 321 1607 406 1685; x_wconf 84' lang='lat' dir='ltr'><strong>tor,</strong></span> <span class='ocrx_word' id='word_1_56' title='bbox 434 1597 517 1673; x_wconf 86' lang='lat' dir='ltr'><strong>huic</strong></span> <span class='ocrx_word' id='word_1_57' title='bbox 543 1589 698 1700; x_wconf 72' lang='lat' dir='ltr'><strong>periostii</strong></span> <span class='ocrx_word' id='word_1_58' title='bbox 722 1600 944 1699; x_wconf 88' lang='lat' dir='ltr'><strong>productioni</strong></span> <span class='ocrx_word' id='word_1_59' title='bbox 986 1599 1190 1674; x_wconf 83' lang='lat' dir='ltr'><strong>accumbit.</strong></span> <span class='ocrx_word' id='word_1_60' title='bbox 1221 1601 1312 1674; x_wconf 87' lang='lat' dir='ltr'><strong>lnde</strong></span> 
     </span>
     <span class='ocr_line' id='line_1_11' title="bbox 321 1702 1312 1825; baseline 0.002 -33"><span class='ocrx_word' id='word_1_61' title='bbox 321 1723 445 1797; x_wconf 83' lang='lat' dir='ltr'><strong>transit</strong></span> <span class='ocrx_word' id='word_1_62' title='bbox 469 1723 514 1796; x_wconf 89' lang='lat' dir='ltr'><strong>ad</strong></span> <span class='ocrx_word' id='word_1_63' title='bbox 540 1719 720 1796; x_wconf 85' lang='lat' dir='ltr'><strong>cochleam</strong></span> <span class='ocrx_word' id='word_1_64' title='bbox 736 1777 746 1814; x_wconf 90' lang='lat'><strong>‚</strong></span> <span class='ocrx_word' id='word_1_65' title='bbox 761 1727 907 1825; x_wconf 84' lang='lat' dir='ltr'><strong>ejusque</strong></span> <span class='ocrx_word' id='word_1_66' title='bbox 925 1749 1067 1796; x_wconf 89' lang='lat' dir='ltr'><strong>omnem</strong></span> <span class='ocrx_word' id='word_1_67' title='bbox 1085 1702 1312 1822; x_wconf 76' lang='lat' dir='ltr'><strong>superficiem</strong></span> 
     </span>
     <span class='ocr_line' id='line_1_12' title="bbox 317 1840 1309 1940; baseline 0 -22"><span class='ocrx_word' id='word_1_68' title='bbox 317 1849 436 1919; x_wconf 86' lang='lat' dir='ltr'><strong>vestit.</strong></span> <span class='ocrx_word' id='word_1_69' title='bbox 467 1846 529 1918; x_wconf 86' lang='lat' dir='ltr'><strong>Est</strong></span> <span class='ocrx_word' id='word_1_70' title='bbox 552 1859 672 1918; x_wconf 84' lang='lat' dir='ltr'><strong>antem</strong></span> <span class='ocrx_word' id='word_1_71' title='bbox 689 1843 830 1918; x_wconf 78' lang='lat' dir='ltr'>cochlea</span> <span class='ocrx_word' id='word_1_72' title='bbox 850 1899 860 1936; x_wconf 86' lang='lat'>,</span> <span class='ocrx_word' id='word_1_73' title='bbox 880 1842 928 1914; x_wconf 90' lang='lat' dir='ltr'><strong>ob</strong></span> <span class='ocrx_word' id='word_1_74' title='bbox 945 1841 1113 1914; x_wconf 83' lang='lat' dir='ltr'><strong>laminam</strong></span> <span class='ocrx_word' id='word_1_75' title='bbox 1138 1840 1309 1940; x_wconf 90' lang='lat' dir='ltr'><strong>spiralem</strong></span> 
     </span>
     <span class='ocr_line' id='line_1_13' title="bbox 318 1963 1310 2068; baseline -0.005 -27"><span class='ocrx_word' id='word_1_76' title='bbox 318 1965 651 2068; x_wconf 81' lang='lat' dir='ltr'><strong>bipartita(x1v),</strong></span> <span class='ocrx_word' id='word_1_77' title='bbox 679 1967 716 2038; x_wconf 91' lang='lat' dir='ltr'><strong>in</strong></span> <span class='ocrx_word' id='word_1_78' title='bbox 744 1965 989 2038; x_wconf 83' lang='lat' dir='ltr'><strong>semicanalem</strong></span> <span class='ocrx_word' id='word_1_79' title='bbox 1017 1965 1225 2038; x_wconf 81' lang='lat' dir='ltr'><strong>anteriorem</strong></span> <span class='ocrx_word' id='word_1_80' title='bbox 1241 1963 1310 2064; x_wconf 90' lang='grc' dir='ltr'><strong>(ο)</strong></span> 
     </span>
     <span class='ocr_line' id='line_1_14' title="bbox 318 2081 1309 2183; baseline -0.01 -19"><span class='ocrx_word' id='word_1_81' title='bbox 318 2116 402 2164; x_wconf 91' lang='lat' dir='ltr'><strong>cum</strong></span> <span class='ocrx_word' id='word_1_82' title='bbox 427 2083 591 2162; x_wconf 85' lang='lat' dir='ltr'><strong>vestibuli</strong></span> <span class='ocrx_word' id='word_1_83' title='bbox 618 2086 788 2159; x_wconf 80' lang='lat' dir='ltr'><strong>foramine</strong></span> <span class='ocrx_word' id='word_1_84' title='bbox 815 2083 900 2183; x_wconf 78' lang='lat' dir='ltr'><strong>(iv)</strong></span> <span class='ocrx_word' id='word_1_85' title='bbox 918 2086 1150 2172; x_wconf 85' lang='lat' dir='ltr'><strong>continuum,</strong></span> <span class='ocrx_word' id='word_1_86' title='bbox 1179 2081 1309 2176; x_wconf 85' lang='lat' dir='ltr'><strong>alium·</strong></span> 
     </span>
     <span class='ocr_line' id='line_1_15' title="bbox 315 2204 1305 2313; baseline -0.006 -28"><span class='ocrx_word' id='word_1_87' title='bbox 315 2239 387 2312; x_wconf 88' lang='lat' dir='ltr'><strong>que</strong></span> <span class='ocrx_word' id='word_1_88' title='bbox 412 2213 645 2313; x_wconf 79' lang='lat' dir='ltr'><strong>posteriorem</strong></span> <span class='ocrx_word' id='word_1_89' title='bbox 669 2207 731 2308; x_wconf 79' lang='lat' dir='ltr'><strong>(p)</strong></span> <span class='ocrx_word' id='word_1_90' title='bbox 756 2233 838 2278; x_wconf 83' lang='lat' dir='ltr'><strong>curn</strong></span> <span class='ocrx_word' id='word_1_91' title='bbox 865 2204 1012 2296; x_wconf 81' lang='lat' dir='ltr'><strong>rotunda</strong></span> <span class='ocrx_word' id='word_1_92' title='bbox 1050 2205 1225 2278; x_wconf 76' lang='lat' dir='ltr'><strong>fenestra.</strong></span> <span class='ocrx_word' id='word_1_93' title='bbox 1255 2206 1305 2279; x_wconf 86' lang='lat' dir='ltr'><strong>Hi</strong></span> 
     </span>
     <span class='ocr_line' id='line_1_16' title="bbox 316 2326 1306 2428; baseline -0.005 -22"><span class='ocrx_word' id='word_1_94' title='bbox 316 2358 400 2406; x_wconf 90' lang='lat' dir='ltr'><strong>vero</strong></span> <span class='ocrx_word' id='word_1_95' title='bbox 428 2329 653 2405; x_wconf 87' lang='lat' dir='ltr'><strong>semicannles</strong></span> <span class='ocrx_word' id='word_1_96' title='bbox 678 2329 814 2401; x_wconf 83' lang='lat' dir='ltr'><strong>scalae</strong></span> <span class='ocrx_word' id='word_1_97' title='bbox 839 2326 925 2400; x_wconf 88' lang='lat' dir='ltr'><strong>dicti</strong></span> <span class='ocrx_word' id='word_1_98' title='bbox 950 2341 1045 2417; x_wconf 84' lang='lat' dir='ltr'><strong>sunt,</strong></span> <span class='ocrx_word' id='word_1_99' title='bbox 1072 2342 1177 2428; x_wconf 90' lang='lat' dir='ltr'><strong>atque</strong></span> <span class='ocrx_word' id='word_1_100' title='bbox 1209 2327 1306 2426; x_wconf 86' lang='lat' dir='ltr'><strong>prior</strong></span> 
     </span>
     <span class='ocr_line' id='line_1_17' title="bbox 313 2450 1303 2552; baseline -0.008 -26"><span class='ocrx_word' id='word_1_101' title='bbox 313 2455 428 2527; x_wconf 83' lang='lat' dir='ltr'><strong>scola</strong></span> <span class='ocrx_word' id='word_1_102' title='bbox 453 2453 646 2544; x_wconf 78' lang='lat' dir='ltr'><strong>vestibuli,</strong></span> <span class='ocrx_word' id='word_1_103' title='bbox 676 2452 766 2525; x_wconf 87' lang='lat' dir='ltr'><strong>alter</strong></span> <span class='ocrx_word' id='word_1_104' title='bbox 791 2454 964 2552; x_wconf 76' lang='lat' dir='ltr'><em>tympani</em></span> <span class='ocrx_word' id='word_1_105' title='bbox 989 2451 1101 2523; x_wconf 83' lang='lat' dir='ltr'><strong>scala</strong></span> <span class='ocrx_word' id='word_1_106' title='bbox 1143 2450 1303 2522; x_wconf 88' lang='lat' dir='ltr'><strong>nomina-</strong></span> 
     </span>
     <span class='ocr_line' id='line_1_18' title="bbox 312 2551 1302 2676; baseline -0.005 -28"><span class='ocrx_word' id='word_1_107' title='bbox 312 2587 380 2648; x_wconf 88' lang='lat' dir='ltr'><strong>tus.</strong></span> <span class='ocrx_word' id='word_1_108' title='bbox 404 2573 498 2649; x_wconf 92' lang='lat' dir='ltr'><strong>Hinc</strong></span> <span class='ocrx_word' id='word_1_109' title='bbox 526 2589 668 2676; x_wconf 84' lang='lat' dir='ltr'><strong>apparet</strong></span> <span class='ocrx_word' id='word_1_110' title='bbox 692 2555 912 2664; x_wconf 72' lang='lat' dir='ltr'><strong>facile&#39;,⁵lras</strong></span> <span class='ocrx_word' id='word_1_111' title='bbox 940 2553 1047 2644; x_wconf 81' lang='lat' dir='ltr'><strong>scalas</strong></span> <span class='ocrx_word' id='word_1_112' title='bbox 1062 2571 1151 2644; x_wconf 81' lang='lat' dir='ltr'><strong>inter</strong></span> <span class='ocrx_word' id='word_1_113' title='bbox 1170 2551 1225 2657; x_wconf 51' lang='lat' dir='ltr'><strong>se,⁴</strong></span> <span class='ocrx_word' id='word_1_114' title='bbox 1236 2596 1302 2670; x_wconf 86' lang='lat' dir='ltr'><strong>per</strong></span> 
     </span>
     <span class='ocr_line' id='line_1_19' title="bbox 312 2691 1300 2792; baseline -0.003 -25"><span class='ocrx_word' id='word_1_115' title='bbox 312 2719 459 2772; x_wconf 88' lang='lat' dir='ltr'><strong>omnem</strong></span> <span class='ocrx_word' id='word_1_116' title='bbox 492 2693 570 2768; x_wconf 87' lang='lat' dir='ltr'><strong>tohi</strong></span> <span class='ocrx_word' id='word_1_117' title='bbox 609 2694 788 2768; x_wconf 81' lang='lat' dir='ltr'><strong>cochleam</strong></span> <span class='ocrx_word' id='word_1_118' title='bbox 829 2691 988 2766; x_wconf 85' lang='lat' dir='ltr'><strong>facientis</strong></span> <span class='ocrx_word' id='word_1_119' title='bbox 1028 2691 1300 2792; x_wconf 85' lang='lat' dir='ltr'><strong>longitudinem</strong></span> 
     </span>
     <span class='ocr_line' id='line_1_20' title="bbox 309 2801 1300 2918; baseline -0.005 -30"><span class='ocrx_word' id='word_1_120' title='bbox 309 2801 600 2889; x_wconf 83' lang='lat' dir='ltr'><strong>communicare:</strong></span> <span class='ocrx_word' id='word_1_121' title='bbox 629 2817 707 2916; x_wconf 80' lang='lat' dir='ltr'><strong>qoia</strong></span> <span class='ocrx_word' id='word_1_122' title='bbox 747 2827 885 2914; x_wconf 82' lang='lat' dir='ltr'><strong>septum</strong></span> <span class='ocrx_word' id='word_1_123' title='bbox 910 2837 980 2886; x_wconf 91' lang='lat' dir='ltr'><strong>non</strong></span> <span class='ocrx_word' id='word_1_124' title='bbox 997 2811 1138 2918; x_wconf 82' lang='lat' dir='ltr'><strong>integre</strong></span> <span class='ocrx_word' id='word_1_125' title='bbox 1170 2807 1300 2883; x_wconf 88' lang='lat' dir='ltr'><strong>tubum</strong></span> 
     </span>
     <span class='ocr_line' id='line_1_21' title="bbox 308 2930 1297 3034; baseline 0.002 -30"><span class='ocrx_word' id='word_1_126' title='bbox 308 2932 436 3008; x_wconf 85' lang='lat' dir='ltr'><strong>dividit</strong></span> <span class='ocrx_word' id='word_1_127' title='bbox 446 2931 632 3034; x_wconf 73' lang='lat' dir='ltr'><strong>(xiv),sed</strong></span> <span class='ocrx_word' id='word_1_128' title='bbox 650 2963 669 3007; x_wconf 84' lang='lat' dir='ltr'><strong>a</strong></span> <span class='ocrx_word' id='word_1_129' title='bbox 686 2933 843 3009; x_wconf 89' lang='lat' dir='ltr'><strong>modiolo</strong></span> <span class='ocrx_word' id='word_1_130' title='bbox 860 2933 1068 3033; x_wconf 81' lang='lat' dir='ltr'><strong>profectum,</strong></span> <span class='ocrx_word' id='word_1_131' title='bbox 1082 2931 1127 3005; x_wconf 86' lang='lat' dir='ltr'><strong>ad</strong></span> <span class='ocrx_word' id='word_1_132' title='bbox 1140 2930 1297 3032; x_wconf 83' lang='lat' dir='ltr'><strong>aliquam</strong></span> 
     </span>
     <span class='ocr_line' id='line_1_22' title="bbox 306 3054 1290 3166; baseline 0.002 -38"><span class='ocrx_word' id='word_1_133' title='bbox 306 3055 352 3129; x_wconf 83' lang='lat' dir='ltr'><strong>ab</strong></span> <span class='ocrx_word' id='word_1_134' title='bbox 369 3059 531 3166; x_wconf 71' lang='lat' dir='ltr'><strong>opposito</strong></span> <span class='ocrx_word' id='word_1_135' title='bbox 546 3057 622 3131; x_wconf 88' lang='lat' dir='ltr'><strong>tubi</strong></span> <span class='ocrx_word' id='word_1_136' title='bbox 650 3057 780 3156; x_wconf 86' lang='lat' dir='ltr'><strong>pariete</strong></span> <span class='ocrx_word' id='word_1_137' title='bbox 812 3054 1013 3132; x_wconf 72' lang='lat' dir='ltr'><strong>distantiam</strong></span> <span class='ocrx_word' id='word_1_138' title='bbox 1053 3056 1290 3130; x_wconf 87' lang='lat' dir='ltr'><strong>terminatur.</strong></span> 
     </span>
    </p>
   </div>
   <div class='ocr_carea' id='block_1_5' title="bbox 306 3169 1368 3400">
    <p class='ocr_par' dir='ltr' id='par_1_5' title="bbox 306 3169 1368 3400">
     <span class='ocr_line' id='line_1_23' title="bbox 306 3169 1368 3280; baseline 0.005 -33"><span class='ocrx_word' id='word_1_139' title='bbox 306 3177 521 3252; x_wconf 84' lang='lat' dir='ltr'><strong>Periostium</strong></span> <span class='ocrx_word' id='word_1_140' title='bbox 562 3205 645 3254; x_wconf 87' lang='lat' dir='ltr'><strong>vero</strong></span> <span class='ocrx_word' id='word_1_141' title='bbox 672 3195 753 3272; x_wconf 79' lang='lat' dir='ltr'><strong>est,</strong></span> <span class='ocrx_word' id='word_1_142' title='bbox 796 3179 891 3280; x_wconf 86' lang='lat' dir='ltr'><strong>quod</strong></span> <span class='ocrx_word' id='word_1_143' title='bbox 931 3169 1102 3254; x_wconf 84' lang='lat' dir='ltr'><strong>accedens</strong></span> <span class='ocrx_word' id='word_1_144' title='bbox 1140 3181 1292 3256; x_wconf 81' lang='lat' dir='ltr'><strong>laminae</strong></span> <span class='ocrx_word' id='word_1_145' title='bbox 1366 3183 1368 3262; x_wconf 67' lang='grc' dir='ltr'>ξ</span> 
     </span>
     <span class='ocr_line' id='line_1_24' title="bbox 306 3291 1366 3400; baseline 0.008 -28"><span class='ocrx_word' id='word_1_146' title='bbox 306 3291 423 3398; x_wconf 78' lang='lat' dir='ltr'><strong>spirali</strong></span> <span class='ocrx_word' id='word_1_147' title='bbox 466 3299 526 3374; x_wconf 85' lang='lat' dir='ltr'><strong>dat</strong></span> <span class='ocrx_word' id='word_1_148' title='bbox 551 3325 614 3400; x_wconf 88' lang='lat' dir='ltr'><strong>pro</strong></span> <span class='ocrx_word' id='word_1_149' title='bbox 648 3305 786 3400; x_wconf 82' lang='lat' dir='ltr'><strong>integro</strong></span> <span class='ocrx_word' id='word_1_150' title='bbox 825 3315 924 3399; x_wconf 86' lang='lat' dir='ltr'><strong>septo</strong></span> <span class='ocrx_word' id='word_1_151' title='bbox 966 3299 1292 3400; x_wconf 62' lang='lat' dir='ltr'><strong>supplementum</strong></span> <span class='ocrx_word' id='word_1_152' title='bbox 1364 3299 1366 3380; x_wconf 74' lang='lat' dir='ltr'><strong>i</strong></span> 
     </span>
    </p>
   </div>
   <div class='ocr_carea' id='block_1_6' title="bbox 304 3417 1290 3524">
    <p class='ocr_par' dir='ltr' id='par_1_6' title="bbox 304 3417 1290 3524">
     <span class='ocr_line' id='line_1_25' title="bbox 304 3417 1290 3524; baseline 0.003 -35"><span class='ocrx_word' id='word_1_153' title='bbox 304 3430 409 3521; x_wconf 84' lang='lat' dir='ltr'><strong>atque</strong></span> <span class='ocrx_word' id='word_1_154' title='bbox 434 3421 483 3495; x_wconf 80' lang='lat' dir='ltr'><strong>ita</strong></span> <span class='ocrx_word' id='word_1_155' title='bbox 508 3421 579 3512; x_wconf 85' lang='lat' dir='ltr'><strong>fit,</strong></span> <span class='ocrx_word' id='word_1_156' title='bbox 608 3434 647 3494; x_wconf 83' lang='lat' dir='ltr'><strong>ut</strong></span> <span class='ocrx_word' id='word_1_157' title='bbox 672 3417 834 3494; x_wconf 86' lang='lat' dir='ltr'><strong>cochleae</strong></span> <span class='ocrx_word' id='word_1_158' title='bbox 860 3419 965 3494; x_wconf 89' lang='lat' dir='ltr'><strong>tubus</strong></span> <span class='ocrx_word' id='word_1_159' title='bbox 991 3423 1126 3524; x_wconf 84' lang='lat' dir='ltr'><strong>integre</strong></span> <span class='ocrx_word' id='word_1_160' title='bbox 1151 3419 1290 3497; x_wconf 80' lang='lat' dir='ltr'><strong>divida-</strong></span> 
     </span>
    </p>
   </div>
   <div class='ocr_carea' id='block_1_7' title="bbox 302 3539 1360 3642">
    <p class='ocr_par' dir='ltr' id='par_1_7' title="bbox 302 3539 1360 3642">
     <span class='ocr_line' id='line_1_26' title="bbox 302 3539 1360 3642; baseline 0.005 -30"><span class='ocrx_word' id='word_1_161' title='bbox 302 3551 373 3616; x_wconf 83' lang='lat' dir='ltr'><strong>tur.</strong></span> <span class='ocrx_word' id='word_1_162' title='bbox 400 3539 497 3618; x_wconf 85' lang='lat' dir='ltr'><strong>Nam</strong></span> <span class='ocrx_word' id='word_1_163' title='bbox 523 3543 569 3616; x_wconf 90' lang='lat' dir='ltr'><strong>ah</strong></span> <span class='ocrx_word' id='word_1_164' title='bbox 593 3543 731 3642; x_wconf 81' lang='lat' dir='ltr'><strong>origine</strong></span> <span class='ocrx_word' id='word_1_165' title='bbox 758 3555 942 3641; x_wconf 86' lang='lat' dir='ltr'><strong>penetrans</strong></span> <span class='ocrx_word' id='word_1_166' title='bbox 965 3543 1078 3616; x_wconf 81' lang='lat' dir='ltr'><strong>scalae</strong></span> <span class='ocrx_word' id='word_1_167' title='bbox 1104 3539 1287 3633; x_wconf 85' lang='lat' dir='ltr'><strong>vestibuli,</strong></span> <span class='ocrx_word' id='word_1_168' title='bbox 1329 3593 1360 3630; x_wconf 44' lang='grc' dir='ltr'><strong>ι.</strong></span> 
     </span>
    </p>
   </div>
   <div class='ocr_carea' id='block_1_8' title="bbox 298 3659 1286 3885">
    <p class='ocr_par' dir='ltr' id='par_1_8' title="bbox 298 3659 1286 3885">
     <span class='ocr_line' id='line_1_27' title="bbox 298 3659 1286 3763; baseline 0.003 -30"><span class='ocrx_word' id='word_1_169' title='bbox 298 3661 520 3734; x_wconf 82' lang='lat' dir='ltr'><strong>membranei</strong></span> <span class='ocrx_word' id='word_1_170' title='bbox 547 3659 623 3733; x_wconf 89' lang='lat' dir='ltr'><strong>tubi</strong></span> <span class='ocrx_word' id='word_1_171' title='bbox 649 3661 789 3753; x_wconf 79' lang='lat' dir='ltr'><strong>forma,</strong></span> <span class='ocrx_word' id='word_1_172' title='bbox 816 3661 878 3763; x_wconf 89' lang='lat' dir='ltr'><strong>qui</strong></span> <span class='ocrx_word' id='word_1_173' title='bbox 903 3660 1032 3735; x_wconf 89' lang='lat' dir='ltr'><strong>lumini</strong></span> <span class='ocrx_word' id='word_1_174' title='bbox 1050 3660 1163 3736; x_wconf 85' lang='lat' dir='ltr'><strong>scalae</strong></span> <span class='ocrx_word' id='word_1_175' title='bbox 1188 3663 1286 3736; x_wconf 89' lang='lat' dir='ltr'><strong>illins</strong></span> 
     </span>
     <span class='ocr_line' id='line_1_28' title="bbox 299 3781 1284 3885; baseline 0.004 -31"><span class='ocrx_word' id='word_1_176' title='bbox 299 3785 529 3884; x_wconf 84' lang='lat' dir='ltr'><strong>proportione</strong></span> <span class='ocrx_word' id='word_1_177' title='bbox 554 3786 773 3885; x_wconf 72' lang='lat' dir='ltr'><strong>respondet,</strong></span> <span class='ocrx_word' id='word_1_178' title='bbox 802 3783 889 3856; x_wconf 92' lang='lat' dir='ltr'><strong>dum</strong></span> <span class='ocrx_word' id='word_1_179' title='bbox 908 3809 1054 3860; x_wconf 87' lang='lat' dir='ltr'><strong>omnem</strong></span> <span class='ocrx_word' id='word_1_180' title='bbox 1081 3781 1194 3860; x_wconf 85' lang='lat' dir='ltr'><strong>scalae</strong></span> <span class='ocrx_word' id='word_1_181' title='bbox 1208 3783 1284 3860; x_wconf 88' lang='lat' dir='ltr'><strong>lon·</strong></span> 
     </span>
    </p>
   </div>
   <div class='ocr_carea' id='block_1_9' title="bbox 338 4007 1029 4108">
    <p class='ocr_par' dir='ltr' id='par_1_9' title="bbox 338 4007 1029 4108">
     <span class='ocr_line' id='line_1_29' title="bbox 338 4007 1029 4108; baseline -0.025 -9"><span class='ocrx_word' id='word_1_182' title='bbox 338 4010 385 4099; x_wconf 76' lang='grc' dir='ltr'><strong>(ο)</strong></span> <span class='ocrx_word' id='word_1_183' title='bbox 408 4007 492 4083; x_wconf 74' lang='lat' dir='ltr'><strong>Tab-</strong></span> <span class='ocrx_word' id='word_1_184' title='bbox 519 4037 549 4087; x_wconf 87' lang='lat'><strong>1.</strong></span> <span class='ocrx_word' id='word_1_185' title='bbox 571 4015 626 4108; x_wconf 67' lang='lat' dir='ltr'><strong>fig.</strong></span> <span class='ocrx_word' id='word_1_186' title='bbox 648 4013 682 4084; x_wconf 85' lang='lat'><strong>3·</strong></span> <span class='ocrx_word' id='word_1_187' title='bbox 711 4045 742 4088; x_wconf 70' lang='grc' dir='ltr'><strong>ι.</strong></span> <span class='ocrx_word' id='word_1_188' title='bbox 854 4015 970 4106; x_wconf 68' lang='lat' dir='ltr'><strong>Jma.</strong></span> <span class='ocrx_word' id='word_1_189' title='bbox 997 4033 1029 4082; x_wconf 75' lang='lat'><strong>2.</strong></span> 
     </span>
    </p>
   </div>
   <div class='ocr_carea' id='block_1_10' title="bbox 0 0 1400 4872">
    <p class='ocr_par' dir='ltr' id='par_1_10' title="bbox 0 0 1400 4872">
     <span class='ocr_line' id='line_1_30' title="bbox 0 0 1400 4872; baseline 0 12"><span class='ocrx_word' id='word_1_190' title='bbox 0 0 1400 4872; x_wconf 95' lang='lat' dir='ltr'><strong> </strong></span> 
     </span>
    </p>
   </div>
  </div>
 </body>
</html>
