2790 4872
514 489 626 583 (51)

89 683 172 738 mos
199 673 367 734 nervosus
393 659 428 730 in
455 657 612 728 minores
637 651 720 724 alios
744 647 877 726 divisus
901 650 1070 744 desertor,

90 795 125 854 et
151 779 283 882 partim
308 779 475 864 fluitans,
504 775 631 872 partim
658 791 720 868 per
737 771 975 868 posteriorem
1015 797 1074 846 ca-

95 895 211 970 rralem
238 920 364 994 repens
389 893 612 964 terminatur.
643 887 792 990 Singula
817 887 904 962 haee
932 891 989 964 fila
1025 907 1080 988 te·

93 1017 275 1088 nuissimis
301 1013 430 1114 pariter
457 1011 613 1110 periostii
640 1010 944 1106 expensionibus,
974 1013 1075 1086 velu-v

92 1135 119 1204 ti
146 1130 354 1228 vaginulis,
381 1129 424 1202 ad
452 1131 656 1202 firmitatem
674 1125 805 1200 includi
822 1130 990 1204 credibile
1010 1145 1075 1206 est.

193 1252 344 1326 XXlX.
380 1253 622 1348 Expansiones
648 1253 733 1322 istae
758 1275 890 1322 omnes.
918 1277 936 1322 a
977 1252 1079 1325 molli

90 1393 204 1445 nervo
231 1375 268 1444 in
285 1369 486 1470 labyrintho
507 1369 628 1456 laetae,
648 1393 728 1440 cum
746 1368 973 1442 mollissimae
991 1371 1076 1458 sint,

94 1519 138 1562 ne
166 1491 447 1566 collabascerent
474 1489 588 1572 ultro,
619 1491 911 1588 propositumque
937 1506 1080 1564 naturae

93 1612 129 1680 in
156 1633 278 1682 earum
306 1606 516 1682 formatione
544 1606 749 1692 turbarent,
776 1633 928 1708 aquosus
955 1607 1081 1682 humor

96 1727 284 1828 adjunctus
304 1737 391 1810 est,
420 1752 490 1826 quo
518 1727 611 1824 ipsae
639 1739 820 1824 susceptae
845 1728 1081 1800 sustineantur

96 1865 131 1922 et
157 1849 338 1922 haereant.
367 1848 536 1922 Hnnroris
563 1845 664 1944 hujus
692 1859 786 1918 tanta
813 1849 913 1948 copia
940 1862 1015 1937 est,
1046 1864 1082 1923 ut

96 1993 226 2042 cavum
253 1971 432 2066 integrunt
463 1964 655 2062 labyrinthi
685 1965 830 2060 repleat,
854 1969 898 2057 in
925 1967 1084 2064 quonul-

97 2085 132 2156 la
160 2089 307 2163 omnino
335 2109 413 2184 pars
441 2099 518 2170 est,
546 2109 636 2182 quae
666 2085 703 2154 in
732 2083 879 2156 naturali
909 2085 1084 2160 statrrhot:

97 2205 250 2284 humore
277 2209 321 2280 sit
346 2231 466 2280 vacuas
497 2205 650 2284 Heoert
678 2205 831 2300 primum
861 2215 1083 2314 παραδοξον,

97 2327 200 2425 quod
225 2328 261 2396 in
290 2323 446 2400 medium
474 2323 595 2396 afferre
622 2323 769 2396 videbor
780 2379 797 2411 ,,
823 2325 858 2396 in
884 2338 980 2398 tanta
1005 2329 1085 2427 qui·

100 2449 184 2520 dem
205 2447 501 2531 'Anatomicornm
528 2444 701 2533 omnium,
731 2445 826 2544 quod
854 2448 974 2531 sciam,
1002 2473 1087 2520 con·

99 2569 290 2653 senatore,
317 2565 590 2638 existimantium
616 2566 817 2642 madescere
842 2566 999 2668 quidem,
1015 2591 1088 2642 non

101 2687 348 2764 adamussim
375 2685 513 2784 impleri
541 2683 608 2758 hoc
634 2685 780 2762 humore
817 2685 1088 2788 labyrinthum,

101 2823 138 2879 et
165 2811 286 2876 aierem
312 2829 331 2874 a
358 2818 531 2902 tympano
560 2805 752 2878 venientem
771 2806 877 2880 simul
894 2807 1087 2882 continere:

102 2905 178 3024 Qui
207 2949 290 3009 uero
317 2937 480 3013 attento,
508 2949 575 2996 non
602 2925 637 2997 in
664 2925 854 3000 humanum
871 2927 1091 3028 modolaby-

103 3045 293 3134 nimbum,
319 3046 382 3118 ard
405 3063 442 3122 et
462 3072 591 3120 ‚eorum
618 3071 759 3146 quoque
775 3047 994 3132 animalium,
1012 3025 1091 3147 qui·

105 3168 176 3240 bus
204 3165 364 3241 humano
389 3163 605 3264 respondens
632 3165 854 3264 labyrinthus
881 3162 981 3239 datus
1007 3179 1092 3254 est,

104 3312 186 3360 ram
213 3287 621 3396 ipsam3inquisirerint,
649 3311 789 3357 mecum
816 3285 946 3388 absque
980 3285 1092 3360 dubio

105 3403 295 3496 manifeste
320 3403 515 3494 videbunt,
543 3401 630 3476 nihil
653 3404 744 3476 airis
768 3404 804 3474 in
829 3403 1029 3502 labyrintho
1054 3411 1092 3478 in

105 3551 192 3596 aure
219 3523 427 3613 recenti,ac
452 3527 533 3597 trivo
563 3538 740 3624 propterea
768 3516 1094 3616 hornineinveniii‚¹

108 3645 174 3718 sed
189 3671 297 3717 omne
314 3644 616 3746 spatiumlympha
635 3645 865 3744 repleri.Ideo
877 3651 1094 3749 quamqn'nm

109 3765 264 3838 summis
287 3763 553 3836 adversantibus
579 3767 703 3854 Viris,
732 3761 883 3839 asserere
906 3767 1094 3846 nondubi·

106 3879 210 3968 tabo,
225 3904 338 3979 neque
356 3888 475 3954 aiirem
509 3884 544 3954 in
564 3883 699 3983 integro
723 3881 927 3983 labyrintho
956 3885 1095 3968 adesse:

98 4023 226 4100 ⁴neque
244 4000 360 4100 aliqua
388 4003 442 4081 vin
461 4003 495 4076 in
514 4029 594 4076 eum
612 4018 792 4102 penetrare
810 4031 910 4103 posse
927 4007 1078 4118 (xxxvi)

819 4131 840 4176 a
