2756 4874
772 389 888 494 (9⁸)

326 573 388 650 ille
414 571 473 664 sit,
491 581 532 643 ut
548 563 737 642 cor'nmode
753 581 818 662 per
834 561 988 662 aliquem
1003 574 1157 640 tractum
1185 591 1315 671 aquae·

321 695 471 770 ductum
499 699 681 790 penetret,
707 687 910 785 injectoque
935 683 1017 757 iude
1042 691 1233 772 mercurio,
1262 696 1315 770 vi-

321 816 427 889 detur
451 811 547 884 illico
576 805 703 884 cavitas
729 803 832 905 hujus
859 805 1098 940 aquaeductus
1133 813 1314 888 membra·

316 945 386 1008 nea
410 913 540 1005 eodem
565 942 725 1028 turgere.
754 921 914 1017 Quod'
888 949 917 998 sr
944 940 1027 1024 apta
1055 925 1245 1006 deficiente
1272 933 1313 1006 fl·

317 1055 439 1148 stula,
464 1052 590 1127 harum
618 1045 860 1150 aquaeductus
893 1047 1047 1147 partium
1089 1055 1316 1128 communio-

315 1203 400 1252 nem
426 1173 597 1278 placuerit
622 1171 864 1271 investigare,
894 1171 1056 1270 sequenti
1083 1171 1215 1246 ratione
1230 1186 1310 1250 ten·

312 1311 433 1372 tamen
459 1307 511 1368 cst
525 1290 795 1368 instituendum.
816 1289 1019 1366 Dissecetur
1036 1291 1183 1367 interior
1199 1293 1310 1369 durae

315 1419 440 1494 matris
476 1415 606 1489 lamina
636 1469 647 1507 ‚
675 1413 720 1489 ad
762 1413 912 1486 duarum
954 1411 1128 1488 linearum
1165 1441 1184 1488 a
1218 1417 1309 1490 rima

310 1535 453 1639 (arx)
478 1533 707 1622 distantiam
733 1547 808 1606 tum
829 1588 840 1624 ‚
865 1535 924 1635 qui
943 1533 1060 1630 paries
1084 1532 1306 1608 dissertionis

315 1673 369 1731 cst
394 1681 438 1731 ex
463 1666 561 1755 parte
586 1651 727 1746 rimae,
755 1653 889 1728 acicula
918 1655 1105 1745 elevetur,
1132 1667 1168 1728 et
1194 1655 1230 1727 in
1248 1653 1304 1730 la-

311 1789 370 1850 cto
398 1761 512 1872 spatio
538 1772 672 1875 aliquot
696 1775 863 1848 mercurii
889 1772 1027 1876 globuli
1053 1771 1302 1850 intrudantur.

307 1892 421 1996 Caute
448 1891 574 1966 deinde
599 1895 672 1993 jam
700 1891 854 1967 elevatus
890 1893 1141 1970 membraneus
1183 1893 1300 1997 paries

304 2016 557 2115 deprimatur,
583 2015 631 2094 ita
657 2027 717 2100 ut,
746 2011 906 2118 margine
945 2019 1152 2116 praesertim
1195 2015 1310 2089 disse·

303 2150 392 2230 cto,
419 2136 590 2238 parietem
616 2135 821 2236 oppositum
847 2149 1051 2225 retractet,
1078 2134 1210 2237 absque
1237 2139 1306 2212 im·

300 2255 400 2334 missi
425 2260 598 2334 mercurii
625 2257 842 2334 exclusione.
871 2255 1013 2333 Inclusa
1040 2259 1090 2332 sic
1127 2260 1306 2332 mercurio

301 2403 430 2454 manus
455 2380 565 2454 index
591 2391 692 2454 caute
718 2380 965 2480 apprimatur,
1005 2379 1068 2481 qui
1103 2403 1226 2456 versus
1253 2381 1307 2454 ri·

301 2522 398 2574 mam
425 2501 545 2602 ipsum
572 2501 755 2600 impellat:
785 2499 832 2574 ita
858 2526 1012 2603 namque
1041 2499 1220 2602 perfugiat
1246 2502 1300 2576 in·

302 2632 357 2696 tra
380 2623 609 2699 vestibulum.
641 2619 750 2715 Quod
778 2645 860 2696 sane
905 2620 1149 2722 spectaculum
1185 2621 1304 2696 mani·

299 2739 424 2815 festius
450 2754 626 2844 apparet,
651 2741 793 2843 quando
820 2740 907 2814 haec
928 2725 1114 2816 omuiain
1141 2765 1219 2816 osse
1236 2769 1302 2842 pe·
1370 2725 1371 2732 ἵ

301 2873 402 2938 troso
428 2863 515 2938 dura
541 2877 654 2938 matre
682 2863 830 2952 induto,
857 2861 921 2950 sed
946 2889 966 2938 a
991 2863 1113 2937 cranio
1138 2860 1299 2957 divulso,

300 2984 560 3076 instituuntur'5
588 2995 704 3084 potest
732 2984 927 3058 tamenim
959 3039 971 3073 ,
999 2981 1126 3056 educto
1152 3009 1170 3055 a
1196 2983 1299 3056 sene·

166 3171 173 3176 .
301 3093 373 3175 stra
400 3101 498 3178 ovali
518 3100 695 3201 ‚stapede,
739 3100 1003 3204 persiccatoque
1039 3089 1205 3178 vestibuli
1231 3101 1298 3176 hu·

299 3242 427 3315 more,
453 3224 619 3297 mercurii
647 3223 810 3298 introitus
826 3220 1039 3314 observari.
1067 3223 1301 3299 Facilior've·

303 3349 347 3418 r'o
373 3343 557 3445 separandi
583 3343 671 3418 ossis
706 3343 811 3450 hujus
854 3343 1046 3421 methodus
1081 3345 1168 3421 haee
1210 3345 1301 3420 milri

205 3535 206 3540 ,
302 3462 610 3541 risaest.1ncisa
638 3467 727 3546 dura
753 3480 867 3544 matre
879 3493 1103 3568 peromnem
1120 3468 1301 3584 ambitum

304 3588 395 3662 ossis
420 3586 585 3687 petrosi,
611 3613 712 3666 serra
740 3591 804 3696 fiat
827 3581 898 3664 una
926 3591 1036 3666 sectio
1059 3591 1095 3663 in
1134 3615 1174 3664 ea
1201 3586 1304 3690 parte

306 3707 486 3806 squamosi
515 3706 633 3802 ossis,
673 3735 765 3813 quac
801 3709 898 3784 illius
940 3709 1132 3813 respondet
1165 3713 1300 3816 angulo

306 3825 499 3915 anteriori,
528 3823 636 3902 altera
661 3830 699 3904 in
725 3853 764 3903 ea
791 3841 919 3930 parte,
946 3846 1037 3929 quae
1064 3831 1232 3926 imminet
1247 3833 1303 3910 fo·

303 3967 367 4020 eae
382 3947 624 4051 sigmoideae:
643 3961 797 4051 utraque
814 3973 855 4026 ea
870 3949 1112 4052 profunditate
1129 3952 1188 4048 sit,
1207 3977 1302 4056 quae
