2790 4872
127 646 184 706 me
209 621 475 713 adminiculo,
499 623 544 694 lu
570 622 761 694 moliorem
774 611 984 720 sonuum
1021 647 1102 702 ero

129 759 221 832 oto,
249 763 401 834 omues,
429 741 566 842 quoles
588 743 620 810 ii
646 761 805 837 cumque
828 750 933 832 siut,
971 753 1106 842 prole.-

125 878 208 936 otus
230 861 376 951 debeo3
402 867 436 938 si
460 887 517 936 rue
548 858 635 936 Tibi
662 874 752 934 anto
778 874 974 936 certamen
1001 862 1108 938 ,illud

129 989 286 1082 ignotum
324 987 426 1060 domi
463 1009 582 1083 saque
610 983 792 1082 joristpue
836 981 1097 1058 benevolentia

122 1129 266 1181 emma
284 1109 510 1205 complexus
536 1129 576 1180 es
592 1105 625 1178 i,
642 1103 728 1178 Has
744 1110 867 1202 igitur
889 1103 1104 1182 Excellen-

121 1232 259 1302 sissimo
297 1229 489 1324 Princeps
529 1223 704 1300 loliorum
743 1224 961 1319 primitias,
1003 1247 1106 1325 quas

130 1346 249 1425 Tum
271 1343 466 1449 insonate
490 1351 696 1443 insculptas
718 1368 854 1420 uomere
892 1341 982 1420 Tibi
1015 1343 1107 1444 p‘um

129 1468 328 1560 devoveo,
354 1489 509 1561 tueare,
535 1483 576 1542 ut
608 1465 694 1542 utu
718 1490 856 1542 samus
872 1483 1018 1569 ,utque
1044 1489 1110 1565 ge·
1222 1533 1231 1552 ,

128 1592 274 1664 nuiaum
299 1605 336 1663 et
362 1615 485 1666 verax
512 1593 614 1690 grati
640 1595 759 1662 animi
774 1593 911 1688 pignus
937 1588 1106 1686 benigni·

124 1723 183 1782 ter
203 1709 475 1802 complectare.
504 1709 685 1811 Affieruut
710 1717 807 1784 enim
832 1707 932 1784 illud
951 1731 1099 1797 uuum,

132 1830 233 1926 quod
258 1843 470 1920 expectare
495 1843 603 1928 potes
628 1825 679 1901 ab
706 1826 887 1914 homine,
932 1834 1000 1930 qui
1024 1833 1106 1902 tuis

133 1953 241 2022 unice
281 1949 385 2022 dives
428 1949 656 2046 beneficiis,
697 1965 824 2028 cetera
861 1952 972 2046 inops
1015 1963 1101 2038 est,

128 2069 305 2162 optimam
336 2095 467 2168 nempe
493 2069 736 2142 voluntatem.
769 2067 859 2168 Qua
885 2091 953 2168 ego
979 2071 1033 2140 ita
1058 2073 1099 2139 in

132 2187 185 2262 Te
197 2186 341 2288 feror,
369 2205 410 2260 ut
436 2209 521 2262 cum
547 2189 632 2260 ulia
658 2185 882 2282 desperem,
911 2205 998 2262 uota
1016 2211 1102 2287 per·

127 2303 276 2410 sequar.
297 2311 449 2384 Scilicet
462 2323 503 2381 ut
532 2307 611 2398 Te,
631 2333 775 2382 summo
790 2307 1023 2408 reipublicae
1041 2307 1108 2384 bo·

126 2451 172 2501 uo
196 2447 357 2520 uatum,
389 2429 498 2504 Tuae
533 2449 678 2504 seruent
718 2431 851 2515 virtuti
883 2429 1110 2504 incolumem

125 2550 330 2624 diutissime
354 2556 508 2647 superi,
523 2564 564 2623 ut
589 2573 728 2648 pergas
745 2552 882 2622 virtute
913 2548 1001 2622 Tua
1019 2549 1109 2624 bea·

127 2691 165 2741 oe
199 2694 303 2758 nos;
329 2687 443 2770 atque
468 2685 643 2766 parentes
673 2669 809 2756 Tuos,
834 2649 1013 2766 publicae
1043 2694 1109 2743 ue·

127 2797 340 2866 iterationis
367 2790 611 2878 simulacra,
639 2795 734 2864 viva
769 2797 934 2890 imagine
948 2785 1105 2892 refferre.

131 2906 189 2982 [lt.
203 2937 291 2984 curn
308 2912 590 3008 sapientissima
610 2908 746 2984 Uxore
760 2911 862 3001 Tua,
882 2935 982 3011 quae
1006 2919 1112 3010 prin-

125 3034 246 3128 cipum
264 3026 500 3127 seminarum
526 3045 790 3102 oruamentum
814 3043 873 3103 est
898 3045 934 3100 et
960 3029 1106 3122 decus,

124 3149 270 3244 prolem
295 3148 571 3240 lectissimam,
598 3153 751 3247 patriae
777 3171 894 3244 spem,
920 3171 1023 3250 quae
1047 3175 1112 3222 oe·

126 3281 244 3342 strum
271 3268 327 3341 ud
349 3275 552 3366 exemplar
573 3268 726 3342 videtur
749 3263 909 3368 efficta,
937 3289 1035 3342 noua
1067 3267 1113 3337 il·

124 3383 194 3478 la,
222 3389 294 3460 sed
319 3410 447 3476 vera,
476 3390 701 3488 optimisque
733 3384 930 3480 probata,
972 3387 1115 3458 educa,

127 3508 253 3592 tione,
282 3528 422 3602 pergas
448 3511 666 3580 instituere.
710 3503 760 3578 Ut
804 3507 989 3598 litteras,
1030 3509 1115 3606 qui·

127 3619 223 3711 hus,
251 3624 392 3698 illustri
418 3627 596 3724 exemplo
622 3631 661 3699 iu
704 3630 793 3700 uiro
832 3631 1033 3725 principe,
1077 3641 1113 3700 et

127 3751 230 3818 suris
257 3759 333 3822 lum
360 3745 553 3840 publicis,
580 3763 658 3820 tum
683 3751 841 3846 priuatis
877 3745 1044 3848 undique
1057 3747 1113 3819 di·

129 3871 276 3958 stricto,
304 3867 415 3969 longe
442 3885 600 3944 ornatus
625 3893 680 3961 es;
701 3884 819 3974 alque
846 3868 1116 3964 litteratorum

128 3990 328 4066 commoda
352 4015 579 4090 promovere
604 4017 682 4068 mou
724 3994 909 4082 desinas,
950 3995 1018 4090 qui
1059 3989 1116 4063 ud
