2756 4874
693 415 842 516 (nt)

285 588 485 680 mantibus,
510 615 663 692 quorum
703 593 842 672 auditus
879 613 1036 694 organon
1076 589 1277 668 humanum

288 711 428 792 videtur
450 711 596 808 imitari,
612 711 870 816 aquaeductum
893 708 1060 788 vestibuli
1095 734 1170 784 esse
1210 706 1275 782 da·

291 845 396 908 turn.

394 951 513 1028 [XX.
538 953 715 1030 Hactenus
739 951 785 1027 de
801 950 964 1028 vestibuli
981 947 1203 1054 aquaeductu
1219 972 1280 1024 re·-

211 1125 215 1132 -
291 1075 418 1147 censita
443 1095 485 1146 eo
511 1087 693 1174 spectant,
718 1086 786 1170 ut,
827 1071 1008 1173 quomodo
1049 1068 1196 1170 plenum
1238 1068 1276 1142 in

289 1191 532 1296 labyrinthum
556 1195 720 1298 (xxix)
745 1208 859 1298 stapes
884 1199 1019 1284 intret,
1048 1196 1193 1292 ejusque
1220 1188 1277 1262 iu·

289 1337 413 1416 gressu
432 1311 574 1404 humor,
601 1339 673 1416 quo
697 1315 759 1390 ille
783 1315 966 1418 impletur,
985 1313 1177 1412 circumagi
1195 1335 1279 1408 poa·

292 1431 365 1518 sit,
393 1430 480 1505 clarc
503 1431 775 1538 intelligamus.
802 1436 897 1514 Nam
923 1433 1065 1536 quando
1081 1447 1197 1532 stapes
1224 1429 1276 1502 la·

292 1550 446 1654 byrint'ri
471 1559 600 1654 premit
625 1556 844 1650 humorem,
873 1555 993 1630 ethic
1030 1558 1067 1629 iu
1108 1555 1279 1630 omnibus

292 1671 461 1749 canalium
487 1677 805 1752 semicircularium
831 1679 974 1752 orificiis
991 1689 1208 1750 constantem
1225 1676 1281 1746 in·

293 1793 658 1890 reuitresistentium‚
685 1798 730 1871 ab
756 1796 963 1872 eorumdem
988 1793 1206 1896 plenitudine
1222 1820 1282 1868 ur·

294 1927 371 1988 tam
388 1969 400 2006 ,
420 1911 509 1988 banc
533 1916 657 2008 νίαιιι,Ι
682 1943 771 2019 qnae
799 1941 861 2018 per
886 1917 1049 1994 vestibuli
1076 1927 1128 1988 est
1145 1927 1280 2016 aquae·

294 2035 447 2123 ductum,
473 2035 647 2131 liberam,
677 2039 846 2142 nulloque
880 2039 983 2116 obice
1019 2041 1282 2138 interruptam,

296 2171 494 2256 percurret,
531 2159 640 2260 inque
679 2160 948 2238 membraneum
987 2165 1062 2264 ejus
1093 2158 1285 2232 cavitatem

297 2273 522 2352 derivabitur.
554 2277 611 2354 Ne
636 2305 720 2356 vcro
746 2305 873 2382 magna
914 2277 1073 2352 humoris
1110 2275 1165 2352 ris
1188 2271 1282 2348 hanc

297 2411 449 2470 curreret
474 2398 593 2487 viam,
620 2397 717 2502 quod
741 2401 815 2475 sine
839 2398 970 2500 insigni
995 2395 1137 2472 auditus
1172 2393 1286 2470 detri-

294 2534 412 2590 mento
437 2517 516 2592 lieri
541 2543 613 2594 non
648 2531 797 2622 posset,
841 2521 1029 2605 incurvum
1070 2518 1285 2620 minimique

298 2627 462 2724 luminis,
499 2642 666 2740 proxime
706 2639 954 2732 vestibulum,
992 2639 1088 2714 bunc
1124 2639 1285 2712 canalem

298 2788 419 2839 aaron
443 2758 552 2835 fecit.
579 2759 633 2856 Ita
659 2777 812 2870 namque
845 2760 1074 2837 moderantur
1114 2755 1287 2832 vestibuli

300 2874 456 2954 humoris
481 2881 647 2974 fluxum,
673 2897 753 2958 tum
777 2882 957 2984 angulus,
983 2904 1092 2982 quem
1117 2897 1288 2980 superare

302 3009 486 3072 motusue
512 3001 618 3076 debet
643 3000 798 3094 humor,
825 3015 902 3076 tum
940 2999 1134 3091 adhaesio,
1173 3024 1285 3098 quam

299 3115 336 3190 in
360 3118 580 3218 capillaribus
604 3122 806 3226 hujusmodi
832 3123 926 3197 tubis
952 3125 1148 3198 maximam
1173 3121 1286 3196 habet

300 3236 347 3310 ad
367 3243 587 3341 superficiem
609 3247 700 3322 rasis
724 3243 851 3321 humor
875 3255 1083 3336 contentus;
1124 3243 1215 3316 adeo
1242 3257 1285 3320 ut

299 3357 366 3434 nisi
391 3361 517 3464 insigni
540 3368 578 3444 vi
602 3365 805 3457 accedente,
823 3365 935 3468 qualis
964 3366 1019 3440 ris
1044 3361 1198 3466 stapedis
1213 3377 1284 3455 est,

299 3479 514 3577 humorem,
539 3487 775 3590 aquaeductus
799 3485 885 3580 bic,
925 3485 1016 3564 elabi
1059 3511 1130 3560 non
1160 3487 1283 3578 sinat,

299 3624 368 3674 noc
391 3602 465 3701 plus
492 3605 582 3681 elabi
606 3634 713 3709 quam
738 3607 891 3708 stapedis
916 3621 1034 3682 motus
1059 3609 1193 3712 exigat.
1208 3605 1285 3702 Qui

300 3716 428 3793 decidit
464 3746 549 3800 vero
574 3725 701 3803 humor
725 3729 771 3816 kiu
804 3727 1067 3802 membraneum
1103 3727 1286 3828 aquaedu-

301 3849 378 3913 ctus
398 3847 615 3937 cavitatem‚
642 3850 673 3922 is
697 3851 795 3932 venis
819 3861 990 3953 exceptus
1014 3850 1052 3925 in
1086 3849 1204 3926 sinunt
1230 3845 1283 3936 la·

302 3960 444 4038 totalem
469 3978 686 4043 exoneratur.
