2790 4872
544 503 660 596 (¹3)

117 676 247 764 cent,
281 665 321 740 et
347 656 558 744 exercitati
591 655 747 752 sintin
779 655 901 774 hujus
932 655 1094 774 potissi·

118 823 237 878 mum
269 795 397 908 partie
428 791 709 904 dissectione,
731 815 773 878 et
790 797 959 886 auribus
974 817 1093 885 utarn·

115 953 185 1018 tur
216 965 356 1022 recens
386 969 409 1022 a
441 933 638 1023 cadavere
670 931 945 1052 depromptis.
978 937 1095 1026 Nihil

114 1097 177 1162 est
209 1075 319 1159 enim
353 1069 500 1181 aliud,
531 1069 653 1189 quod
682 1101 875 1159 nervosas
895 1077 1092 1164 vestibuli

118 1216 396 1330 expansiones
443 1209 621 1301 deterius
660 1211 924 1326 pessundet,
971 1245 1098 1331 quarn

114 1353 292 1440 siccitas·
327 1348 390 1434 Ea
426 1380 570 1446 rerum
602 1348 808 1449 methodo
840 1373 977 1466 partes
1009 1351 1096 1444 dis-

118 1510 293 1599 secent,
326 1515 433 1604 quae
464 1482 544 1574 'situ
575 1488 616 1572 in
649 1515 725 1574 suo
757 1511 909 1574 cuncta
929 1513 1091 1604 servet3

113 1627 249 1718 multa
281 1624 466 1744 neroque
496 1625 660 1740 concipi
691 1655 776 1710 non
809 1649 1001 1744 possunt,
1019 1629 1098 1724 nisi

109 1773 217 1856 situs
260 1767 404 1877 ratio,
448 1796 471 1850 a
512 1795 597 1880 qua
642 1763 766 1850 unice
810 1763 1092 1884 dependent,

109 1931 219 2000 sarta
251 1927 445 2024 tectaque
477 1907 697 1994 habeatur.
732 1909 848 1996 Haec
880 1909 1094 2020 autem,si

54 2154 57 2161 Ι
109 2052 150 2136 in
183 2049 411 2158 omnibns,
434 2045 489 2134 de
520 2048 674 2162 quibus
703 2051 880 2166 scripsi,
903 2047 1090 2163 partibus

107 2186 434 2301 investigandis,
466 2193 693 2282 necessaria
726 2187 920 2276 habenda
958 2212 1088 2300 sunt,

106 2334 149 2418 in
184 2331 290 2443 septi
320 2329 515 2420 vestibuli
561 2329 753 2437 nervosi,
798 2328 1089 2446 consiliumque

105 2466 480 2560 semicircularinrn
526 2470 689 2583 positus
733 2465 1086 2582 perlustratione,

102 2610 322 2728 potissima
353 2628 450 2698 sunt
479 2630 590 2696 certe
619 2601 858 2721 judicanda.

162 2748 314 2840 Erratn
345 2747 506 2864 aliquot
535 2746 860 2864 typographica,
897 2749 973 2838 etsi
994 2779 1085 2838 mas

101 2889 294 2998 ximeno,
326 2913 456 3004 quarn
489 2883 642 3000 potui,
689 2886 962 2974 attentionem
1002 2887 1086 2972 irn-

99 3023 353 3146 penderim,
387 3025 518 3114 invite
550 3043 734 3112 attamen
768 3029 993 3140 irrepsere,
1016 3023 1087 3120 die·

100 3168 274 3287 dicique
303 3167 480 3278 nolens,
512 3166 556 3254 io
589 3165 829 3260 haeresum
847 3196 993 3280 genere
1010 3163 1087 3258 da-

99 3315 223 3401 vitari
254 3290 547 3398 omnino-'non
578 3305 793 3422 possasst
824 3337 922 3398 vero
948 3335 1085 3423 quae·

97 3481 283 3569 oramque
313 3451 436 3559 sint,
467 3449 544 3538 etei
575 3449 737 3562 potiora
768 3449 957 3565 mihique
987 3479 1083 3564 pern

95 3610 240 3706 specta
271 3589 312 3672 in
345 3586 482 3704 operis
514 3585 626 3671 calce
656 3582 941 3684 annotaverim
959 3648 977 3697 ,
998 3570 1072 3700 per

95 3755 140 3813 se
169 3726 379 3838 corrigant
409 3724 486 3810 viri
518 3720 671 3834 docti,
704 3723 887 3842 dentque
919 3756 995 3840 pro
1027 3727 1078 3812 iis

91 3866 261 3956 veniam
293 3866 457 3952 fatenti.
493 3864 607 3952 Solet
636 3867 748 3952 enim
794 3864 915 3951 saciie
955 3866 1073 3974 fieri,

93 4027 144 4092 nt
175 3995 280 4095 dnm
311 4007 551 4124 releguntur
579 4007 799 4125 impressae
828 4008 999 4124 paginae
1021 4005 1074 4091 ab
