2756 4874
527 429 603 520 (81
628 433 649 524 l

86 607 168 660 anm
192 611 279 680 aum
305 609 472 690 compare
499 591 793 696 converguntiam
820 599 837 704 (
862 587 894 708 ),
916 635 1079 697 necessu·

82 706 133 779 ria
157 709 304 784 insertio
329 713 366 784 in
390 709 501 786 londo
519 715 687 790 vestibuli
703 723 825 824 exegit
843 729 964 836 (xcv),
986 739 1082 816 Tan.

85 826 170 902 dem
197 830 291 904 acula
318 830 483 908 vestibuli
511 833 557 906 ab
581 837 657 910 imo
683 845 844 922 civitatis
871 859 1083 957 posterion's

84 947 167 1023 loco
193 950 318 1028 debuit
345 955 502 1047 exoriri,
532 974 571 1056 ut
595 957 763 1052 facillime
781 966 970 1053 humorem
988 981 1083 1058 hau·
1196 1011 1200 1016 ·

87 1069 173 1146 rirut
199 1097 219 1144 a
247 1074 391 1176 stapadc
416 1089 573 1152 motum.
604 1079 678 1154 Sed
702 1081 789 1160 haec
806 1087 851 1162 de
878 1093 1077 1196 labyrinthi

83 1192 202 1270 allicio
242 1199 325 1270 saus
366 1197 460 1272 dicta
493 1201 606 1276 aiutt
646 1202 778 1307 reliqua
814 1210 859 1282 ad
894 1217 1079 1302 cochleam

85 1315 276 1415 praecipue
301 1319 519 1416 spectantia,
549 1318 635 1394 alibi
652 1327 874 1404 commodius
892 1335 1069 1414 tradituri.

187 1433 273 1508 LII.
299 1439 392 1532 Quia
418 1457 469 1512 est
494 1442 605 1542 igitur
630 1450 807 1522 canalium
834 1456 1076 1536 semicircula-
1195 1547 1197 1555 ,

86 1553 182 1630 rium
208 1559 325 1632 usus?
350 1559 509 1662 Apparet
535 1589 579 1636 cx
606 1565 714 1641 dictis
747 1569 764 1669 (
791 1598 911 1652 xxxix
938 1580 982 1652 ad
1009 1607 1031 1655 n
1059 1581 1080 1686 )

80 1667 209 1747 ductus
253 1701 327 1752 assa
368 1683 702 1761 communicationis
752 1688 844 1766 inter
883 1711 1075 1802 utramque

78 1796 290 1892 praesertim
321 1798 485 1874 vestibuli
511 1806 724 1894 cavitatem,
753 1836 919 1914 perquos
945 1815 1076 1897 humor

80 1938 139 2014 cas
166 1916 309 2016 replens
335 1919 381 1994 ad
407 1920 561 1997 dandam
589 1927 707 1999 nervis
725 1927 927 2006 libertatem
945 1952 1077 2035 motus,

76 2059 140 2132 pro
169 2039 379 2114 necessitate
404 2039 597 2118 derivatur.
626 2041 677 2117 Itu
704 2049 858 2122 maxima
875 2056 911 2124 in
940 2053 996 2128 his
1013 2089 1077 2134 m·

80 2171 186 2234 unlaz
212 2157 419 2258 simplicitas
458 2163 659 2252 elucescit,
698 2193 789 2267 quan
814 2182 868 2243 tot
906 2184 1076 2276 tantaque

75 2275 283 2350 commenta
312 2280 405 2354 circa
429 2278 558 2356 horum
585 2283 759 2360 canalium
778 2313 882 2364 usum
910 2318 929 2364 a
957 2293 1074 2392 philo·

76 2395 197 2496 sophis
223 2399 357 2498 prolata
373 2406 519 2478 omuino
546 2403 702 2504 dissipat.
732 2409 789 2484 An
816 2435 902 2512 ergo
919 2416 954 2488 in
969 2419 1068 2516 ipsis,

73 2532 113 2590 ut
138 2517 274 2620 placuit
298 2520 356 2596 Ill.
387 2522 524 2600 Senaco
552 2523 636 2626 (g),
665 2527 809 2604 auditus
834 2530 969 2632 audes?
997 2537 1068 2612 Re·

71 2654 239 2743 pugnant
263 2657 404 2742 praeter
427 2648 524 2736 ulia,
558 2647 650 2720 auris
677 2655 697 2718 'a
721 2645 924 2748 labyrintho
939 2651 1077 2730 chaam·

72 2761 119 2836 tia
162 2761 179 2861 (
197 2787 294 2838 xxxx
318 2762 368 2863 );
397 2763 521 2840 lumen
557 2763 731 2842 canalium
755 2768 793 2840 in
833 2767 985 2846 decursu
1010 2798 1073 2850 aa·

72 2882 217 2982 quabile
243 2889 321 2988 (u)
340 2911 351 2975 3
380 2911 572 2961 nervorum
598 2885 636 2958 iu
649 2899 773 2960 centro
790 2889 996 2965 inflexionis
1012 2919 1071 2966 oa·

70 3004 156 3079 nalis
184 3007 389 3106 superioris,
409 3020 443 3080 ct
467 3006 671 3107 posterioris
695 3005 854 3084 delectus
879 3011 895 3110 (
910 3037 1010 3086 xxiv
1024 3011 1075 3090 ao

72 3149 213 3204 xxvau
232 3129 260 3227 ),
276 3127 310 3199 in
336 3155 407 3232 quo
432 3144 553 3204 centro
580 3128 742 3204 auditum
768 3131 930 3222 collocat;
950 3133 1071 3211 diver-

76 3273 132 3320 sus
158 3247 384 3350 singulorum
409 3249 587 3324 canalium
613 3254 716 3343 situs,
746 3276 856 3354 quem
882 3279 1067 3358 nunquam

70 3397 196 3446 amun
223 3379 432 3457 mututsut
456 3367 749 3473 longitudinem,
776 3383 814 3444 et
852 3373 1063 3474 amplitudi-
1181 3367 1182 3372 ἵ

71 3512 181 3562 nem:
213 3487 551 3588 quod‘documento
578 3505 631 3567 est
655 3494 724 3567 situ
752 3497 971 3596 praecipua,
998 3521 1065 3572 suo

73 3605 211 3680 canales
237 3607 324 3682 istos
350 3607 465 3684 officio
491 3609 619 3714 fungi.
661 3620 780 3712 Quam
823 3641 952 3716 parum
977 3643 1069 3721 ocgo

113 3893 162 3981 (g)
186 3889 225 3958 L’
238 3891 402 3968 Anatomte
424 3897 541 3968 d’Het-
587 3903 741 3998 Phyxiquc
755 3879 822 3977 ¹etc.
842 3905 936 3976 Tom.
964 3907 998 3976 3.
1024 3935 1056 4002 p„

158 4016 216 4106 atcf
238 4025 312 4078 auco
327 4011 378 4076 de·
393 4005 540 4082 Eutaiada
585 4011 663 4176 att}
689 4015 744 4108 37.
770 4019 854 4090 Paula
881 4015 978 4110 ayi'l'.
