2790 4872
584 481 716 586 (ιι)

150 643 206 714 Ex
228 640 295 714 boc
325 644 409 725 item
432 643 546 714 videre
569 642 649 714 licet
672 643 793 739 quanti
817 639 973 714 habendo
1003 645 1046 715 sit
1071 645 1130 714 illa

149 759 224 855 ejus
247 758 435 854 pernobilis
459 760 708 855 repudiatione
723 779 758 828 se
773 759 938 833 Ticinum
962 761 1129 832 muster-

148 885 200 948 ret
223 892 267 944 ut
286 870 479 944 Anatomen
502 873 539 944 in
562 873 867 959 illuUniversitate
889 871 1128 970 profiteretur5

147 1013 273 1085 magno
296 985 378 1058 lioet
392 987 479 1058 illue
493 988 664 1084 stipendio
679 991 722 1062 ab
737 990 957 1086 Imperatrice
972 989 1020 1059 M.
1032 986 1129 1060 The-

147 1104 252 1192 reia,
275 1100 422 1174 muliere
443 1102 732 1200 incomparabili,
771 1124 976 1178 evocaretur.
1008 1101 1131 1200 Neque

145 1219 293 1306 interea,
316 1216 438 1312 primis
461 1214 587 1287 abhinc
609 1220 732 1306 annis,
756 1242 797 1290 ex
822 1243 893 1314 quo
916 1220 954 1288 iu
969 1217 1127 1289 Univer-

143 1336 244 1404 sitate
264 1358 327 1402 suo
349 1353 492 1402 munere
515 1332 719 1429 perfunctus
742 1353 817 1419 est,
840 1357 997 1429 uuquam
1025 1357 1132 1427 prae-

146 1445 293 1517 termisit
314 1443 519 1554 cadavqrum
557 1445 772 1518 dissectiones
807 1449 844 1516 iu
880 1445 1133 1516 Ineurabilium

145 1558 374 1631 Nosocomio:
399 1581 465 1650 ut,
488 1559 637 1646 scilieet,
661 1558 861 1630 morborum
884 1561 1008 1630 caussis
1031 1559 1133 1630 dete-

152 1676 243 1763 ctis,
265 1671 330 1746 bae
353 1677 483 1746 ratione
507 1672 550 1743 ad
565 1673 655 1768 ipsos
670 1670 839 1742 curandos
852 1671 917 1742 sibi
931 1673 1021 1743 viam
1036 1691 1127 1743 ster-

147 1809 269 1881 neret3
293 1789 509 1886 proindeque
531 1811 620 1858 anno
647 1787 752 1887 1769,
778 1815 863 1886 quas
892 1784 1029 1856 dudum
1061 1784 1134 1854 col-

146 1901 276 1998 legerat
299 1901 564 1988 observationes‚
588 1923 641 1970 eas
664 1903 701 1970 in
718 1903 842 1972 'lucem
867 1903 976 1972 edidit
999 1899 1064 1972 hoc
1081 1902 1131 1970 ti-

147 2020 224 2093 tulo
240 2019 327 2090 :De
342 2019 503 2090 Sedibus
526 2021 746 2094 coriolanum
770 2019 989 2116 Syntagma.
1021 2051 1024 2060 ·

241 2135 295 2206 Eo
317 2133 423 2204 ferum
445 2151 600 2228 tempore
620 2187 630 2222 ‚
650 2155 684 2206 et
707 2135 904 2230 praesertim
938 2131 1024 2204 dum
1063 2157 1132 2225 pu·

144 2247 244 2320 blicis
268 2248 473 2319 lectionibus
496 2250 645 2342 privatas
666 2247 848 2344 jungeret,
874 2247 909 2313 in
934 2235 1131 2313 commodi-

144 2380 250 2431 tatem
273 2379 309 2430 et
332 2385 435 2430 usum
458 2360 627 2431 studiosae
649 2360 838 2457 juventutis
861 2359 1020 2428 auditorii
1045 2358 1128 2442 sui,

144 2477 345 2573 conseripsit
369 2475 626 2551 [restitutiones
641 2477 807 2546 medieas
837 2488 873 2542 et
886 2475 1130 2565 chirurgica-r.

145 2585 199 2658 Ut
214 2613 295 2659 vero
316 2591 471 2686 ipseait,
494 2589 661 2660 elementa
685 2591 747 2658 ista
771 2589 816 2657 ita
841 2588 968 2681 digestu
982 2605 1074 2670 sunt,
1091 2603 1131 2654 ut

144 2704 263 2798 captui
286 2702 550 2774 adolescentium
574 2723 608 2772 ct
631 2729 682 2775 res
696 2720 730 2773 et
742 2707 841 2779 stilus
864 2727 973 2779 essent
997 2726 1134 2774 aecem-

146 2816 307 2888 mndata:
331 2841 513 2916 nunquam
536 2819 629 2913 enim
652 2818 716 2887 sibi
740 2811 962 2914 proposuerat
992 2843 1028 2888 ea
1055 2840 1129 2912 pn-

146 2929 232 3000 blici
255 2929 340 3026 juris
362 2929 478 3000 faeere.
503 2931 636 3002 Eorum
651 2934 780 3004 seilicet
794 2934 1042 3005 elementorum
1055 2959 1132 3002 ma*

146 3047 282 3137 teriam,
309 3065 350 3115 ut
372 3046 451 3117 satis
475 3050 725 3144 pervulgatam,
751 3049 893 3119 discenti
917 3049 1058 3146 quidem
1074 3073 1134 3118 so-

144 3159 327 3230 lummodo
352 3181 469 3257 parem
494 3183 655 3253 noverat,
679 3165 807 3234 dicenti
831 3190 910 3236 vero
933 3163 1130 3246 modicum,

143 3294 225 3344 tum
251 3274 378 3372 legenti
402 3298 437 3348 et
461 3303 581 3374 magna
607 3281 784 3376 quaerenti
809 3279 877 3349 lere
901 3305 1038 3374 prorsus
1052 3281 1132 3347 iuu-

143 3388 266 3460 tilem:
289 3393 503 3490 proindeque
526 3394 663 3483 frustra,
676 3393 823 3480 dicebat,
840 3393 937 3490 apud
958 3419 993 3464 se
1016 3396 1132 3492 quaeri

145 3502 289 3574 illarum
313 3507 575 3604 institutionum
595 3511 804 3605 exemplum.

242 3617 308 3688 Vir
332 3622 463 3708 mirae,
490 3641 531 3692 ut
555 3639 653 3709 erat,
675 3622 1131 3717 sagacitatis‚medicamor-

145 3751 218 3802 tem
241 3734 311 3802 suis
334 3735 515 3830 principiis
540 3734 668 3805 callens
681 3788 694 3824 ‚
715 3758 750 3806 et
774 3734 977 3807 methodum
1017 3737 1053 3804 iu
1092 3761 1130 3805 ea

145 3846 351 3942 inquirens,
376 3871 468 3918 anuo
493 3871 600 3942 1772,
625 3871 758 3946 arrepta
782 3853 953 3920 occasione
977 3875 1149 3936 eouvcus

144 3981 203 4032 tus
226 3959 453 4052 medicorum²
467 3963 615 4060 quadam
639 3963 683 4036 de
696 3989 824 4050 caussa,
849 3967 885 4034 in
901 3963 1032 4066 theatro
1052 3989 1134 4034 atta-
