2790 4872
716 413 833 509 (l0)
910 451 915 462 ¹

287 596 382 663 tram
407 581 603 659 medietatis
628 596 825 681 postremae
851 579 996 656 secundi
1022 571 1104 682 gyri
1130 579 1275 656 modio.

286 701 322 776 lu
349 728 468 774 cerens
492 701 554 774 dat
578 700 667 774 latus
692 701 863 792 inferius,
892 715 927 774 et
943 699 1109 776 distantia
1135 700 1181 775 ab
1208 699 1280 774 ha·

286 818 376 894 muli
404 821 480 892 basi
504 820 550 892 ad
573 834 734 895 centrum
759 819 875 906 illud,
902 823 982 896 sive
1006 819 1158 894 modioli
1195 844 1276 898 me·

290 938 402 1011 dietas
428 941 493 1012 sub
519 938 652 1012 humuli
677 939 753 1010 basi
780 938 891 1038 posita
910 991 922 1027 ,
939 939 1158 1038 triangulum
1174 965 1276 1014 com·
1381 919 1382 1008 l

287 1062 364 1160 plat
388 1085 499 1158 prope
523 1059 771 1135 curvilineum.
801 1057 976 1134 Perhuuc
992 1060 1274 1158 igiturhiatum,

289 1180 381 1255 scala
408 1182 567 1278 tympani
593 1179 658 1252 sub
684 1176 835 1252 hamulis
860 1181 1043 1255 terminata
1064 1179 1277 1281 (xvrrr)in

287 1301 375 1372 tubo
400 1297 611 1372 infundibuli
638 1311 759 1397 patet·
773 1299 870 1372 Haec
887 1311 940 1371 est
952 1325 1075 1372 arcana
1092 1313 1165 1372 tota
1177 1322 1275 1372 sca·
1381 1329 1382 1378 t

297 1423 422 1494 laram
447 1424 753 1508 communicatio,
779 1419 823 1493 de
849 1413 919 1520 qua
944 1421 1004 1494 vel
1031 1417 1144 1494 adhuc
1159 1418 1267 1494 dnbi-
1381 1435 1382 1500 3

290 1539 471 1634 tentatori
487 1541 581 1630 Viri,
610 1539 668 1612 vel
690 1538 774 1611 talia
800 1536 1002 1639 prodidere,
1028 1550 1067 1609 nt
1083 1533 1195 1638 qualis
1206 1541 1274 1628 sit,
1381 1549 1382 1552 ’

289 1671 326 1732 et
351 1660 530 1758 quomodo
546 1661 658 1748 facta,
676 1659 928 1744 difficillimum
954 1662 999 1734 sit
1025 1659 1238 1758 intelligere.

391 1777 499 1852 XIX.
512 1779 582 1853 Par
604 1777 784 1872 foramen
810 1778 920 1878 igitur
936 1781 1177 1879 triangulare
1195 1803 1276 1852 sca-

286 1892 342 1968 lae
367 1899 530 1996 tympani
555 1896 711 1997 (xviri)
735 1898 929 1972 reflectitur
958 1899 1180 1998 panaetium,
1199 1923 1278 1972 om·

285 2039 442 2116 nemque
466 2016 626 2115 ejusdem
651 2015 784 2105 scalae,
811 2016 856 2092 ad
879 2017 1069 2090 fenestram
1085 2042 1193 2116 usque
1211 2043 1273 2092 ro·-

284 2136 465 2226 tundam‚
492 2138 668 2212 ambitum
693 2139 863 2216 investit.
895 2141 948 2212 lta
990 2163 1098 2212 zonae
1135 2139 1272 2212 lamina

282 2259 420 2332 accedit
446 2259 583 2347 altera,
611 2287 683 2359 qna
710 2259 827 2359 paullo
852 2259 1031 2334 robustior
1056 2261 1109 2333 fit.
1142 2259 1270 2336 Sedet

287 2390 368 2448 ante
382 2377 583 2454 rotundam
597 2377 782 2453 fenestram
802 2381 1011 2478 periostium
1025 2379 1119 2451 idem
1138 2406 1271 2481 expan-

214 2489 217 2498 ’
284 2497 407 2584 ditur,
435 2497 668 2598 eamdemque
694 2498 825 2571 claudit
853 2498 995 2572 nomine
1020 2500 1271 2576 membranae

274 2617 478 2719 fenestrae
504 2621 692 2692 rotundae
719 2671 728 2691 .
758 2616 856 2690 Haec
880 2615 1067 2692 accedente
1093 2643 1135 2691 ex
1172 2631 1270 2717 tym-

284 2744 365 2838 pani
390 2754 486 2838 parte
507 2742 581 2838 ejus
607 2739 764 2816 caritatis
790 2739 958 2839 periustiu
976 2739 1178 2828 roboratur,
1197 2738 1266 2810 dn·

282 2861 426 2961 riorque
452 2862 517 2952 fit,
546 2874 648 2936 etex
673 2859 798 2934 aedem
824 2873 938 2958 parte,
966 2860 1054 2936 velis
1089 2859 1270 2936 cellulari-

282 2981 352 3057 bus
376 2982 566 3083 oppansis,
594 3007 697 3080 saepe
713 2980 941 3056 'defenditur.

383 3103 476 3177 XX.
506 3105 597 3200 Gyri
622 3115 739 3176 autem
764 3102 929 3176 cochleae
955 3101 1114 3203 singuli,
1147 3101 1263 3180 veluti

282 3245 382 3293 areae
408 3222 497 3296 iuter
521 3219 610 3294 duos
638 3221 787 3296 circulus
813 3222 1052 3295 concentricos
1092 3223 1256 3322 positae,

283 3341 525 3417 considerandi
553 3355 661 3430 snnt;
687 3345 735 3416 ita
761 3354 800 3418 ut
825 3341 962 3416 ambitu
988 3344 1152 3418 exteriori
1178 3345 1257 3416 lun·

211 3551 214 3560 ,
283 3460 401 3561 giores
426 3463 519 3552 sint,
546 3461 706 3537 interiori
733 3460 933 3536 modiolum
958 3461 1160 3540 includente
1185 3463 1270 3538 bre-

282 3586 411 3658 viores.
439 3584 560 3682 Captis
599 3586 774 3660 mensuris
798 3584 889 3658 hanc
914 3587 1005 3658 inter
1032 3611 1090 3662 eos
1114 3611 1270 3685 proper?

280 3705 416 3778 tionem
429 3707 559 3781 inveni.
574 3706 684 3780 Primi
700 3708 779 3806 gyri
797 3706 950 3779 ambitus
966 3705 1119 3782 exterior
1135 3732 1266 3806 aequa-

282 3822 326 3899 lis
342 3827 441 3899 lineis
458 3827 595 3914 decem,
610 3831 755 3902 interior
771 3827 870 3901 lineis
895 3827 921 3898 6
937 3823 989 3918 ¹ln;
1019 3825 1169 3901 exterior
1183 3839 1261 3905 aln-

283 3948 379 4024 nitus
396 3950 540 4026 secundi
564 3953 649 4054 gyri
673 3978 757 4028 cum
772 3949 911 4054 reliquo
925 3949 1267 4053 samigyroyaeqaaz
