2790 4872
718 414 817 516 (Β)

267 595 321 653 na
350 593 549 660 sensuum
582 563 691 656 inter
722 583 856 676 partes
880 563 959 658 hac
981 561 1179 654 methodo
1196 569 1250 656 il·
1384 569 1385 644 i

265 701 459 790 lustratas
491 703 626 820 primo
658 701 753 786 loco
770 703 990 811 recenseri,
1007 707 1129 820 quasi
1149 735 1247 818 gra-

265 839 446 930 tificatio
477 838 683 960 quaedam
716 842 760 926 in
791 871 837 926 ea
867 845 1092 958 praecipue
1129 877 1252 958 orga-

266 1015 321 1070 na
344 978 629 1098 perlustranda
649 978 832 1065 duxisset
848 984 1119 1092 anatomicos,
1138 1013 1250 1098 qoo-

268 1154 360 1210 rum
396 1152 476 1207 una
516 1120 711 1207 facultate
754 1116 1088 1208 erudiebantur.
1137 1123 1252 1244 Inter

268 1265 372 1350 baec
403 1283 577 1369 autern,
610 1261 764 1374 primae
796 1257 1001 1346 debentur
1029 1285 1166 1375 partes
1181 1291 1253 1350 an·

269 1403 386 1488 ditus
417 1433 603 1513 organo,
638 1399 754 1516 quod
775 1402 955 1488 maxime
971 1403 1122 1488 meruit
1138 1405 1254 1518 prin-

271 1547 414 1656 cipum
443 1542 784 1626 Auatonticorum
831 1544 1120 1629 attentionem.
1140 1537 1254 1624 Nam

268 1678 451 1768 sufficiet
472 1753 481 1773 ,.
498 1683 738 1796 Fallopium
773 1657 1051 1791 'nominasse,
1098 1681 1255 1770 Eusta-

271 1821 442 1931 cbium,
476 1817 750 1936 Cesserium,
788 1820 990 1928 Folium,
1039 1819 1097 1904 du
1140 1820 1254 1905 Ver-

267 1988 427 2074 neyum
449 2007 463 2068 ,
496 1957 734 2044 Valsalvam
756 2025 770 2072 ,
804 1957 1150 2043 Cassebohmium
1168 1990 1253 2070 „ac

260 2105 408 2212 „virum
440 2095 609 2185 tandem
640 2099 749 2182 sama
767 2159 781 2207 ,
801 2118 841 2182 et
874 2100 1026 2182 meritis
1046 2098 1250 2184 iliustrem

268 2231 476 2324 ioannem
507 2239 739 2355 baptistam
772 2237 1065 2350 Morgagnum,
1082 2241 1156 2355 qni
1179 2259 1253 2322 aut

184 2415 187 2420 ·
270 2381 450 2464 curatius
482 2375 534 2463 do
565 2383 673 2466 auris
706 2382 911 2464 humanae
935 2361 1130 2486 iamim,
1178 2403 1253 2466 aut

268 2515 322 2601 de
353 2519 432 2602 hac
462 2519 712 2635 praecipue,
745 2519 968 2635 peculiaria
1005 2523 1251 2630 volumina,
1289 2535 1296 2544 '

237 2764 240 2772 Ι
270 2655 479 2776 cedroque
511 2655 662 2782 digna,
696 2659 999 2774 conscripsere,
1019 2678 1064 2741 ut
1097 2689 1250 2772 cogno·

271 2818 441 2905 ocatur,
474 2827 559 2912 quo
591 2799 826 2912 pervenisse
847 2795 1046 2882 debuerit
1070 2798 1252 2884 fabricae

268 2934 372 3018 tanti
405 2936 542 3048 organi
575 2936 748 3022 notitia.
778 2933 932 3021 Mirum
966 2937 1168 3050 proinde,
1189 2937 1256 3024 vel

269 3105 407 3161 rerunt
443 3079 690 3188 gnarissintis
707 3141 724 3188 ,1
755 3077 884 3163 videri
904 3083 1069 3190 poterit,
1092 3080 1251 3166 valuis-

271 3243 321 3300 se
348 3247 414 3300 me
446 3213 602 3330 aliquid
638 3215 692 3304 de
724 3219 804 3304 huc
836 3249 991 3329 organo
1023 3221 1209 3336 proferre
1236 3283 1276 3335 ,Ι

272 3355 393 3470 quod
425 3378 638 3467 tantorum
671 3360 1017 3466 Anatomicorum
1056 3361 1251 3445 attentio.
1384 3385 1385 3434 ;

269 3521 370 3580 nem
399 3500 683 3614 praeterierit.
707 3497 1019 3614 Aquaaductns-
1046 3501 1156 3584 enim
1178 3529 1256 3582 au-

269 3637 325 3721 ria
341 3640 526 3751 internae
549 3669 754 3757 exponere
787 3669 995 3751 aggressus
1018 3671 1127 3745 sum,
1145 3671 1254 3759 qua·

212 3853 214 3859 ,
270 3776 331 3861 tes
364 3776 503 3865 adbuc
535 3776 723 3865 inauditi.
758 3779 841 3864 Sed
873 3801 916 3870 et
948 3778 999 3865 de
1032 3811 1129 3864 aure
1152 3799 1254 3897 post

270 3917 511 4039 Faiiopiunt
535 3920 735 4009 inaudita·
762 3921 939 4042 protulit
958 3922 1249 4034 Eustachius,
