2756 4874
727 442 863 530 (Μ)

254 614 259 626 “
281 606 403 694 mium
422 607 521 710 (j);
547 606 657 682 nitito
674 619 792 680 tamen
809 605 927 678 minus
952 625 1066 702 neque
1082 599 1191 689 huuc,
1211 607 1276 674 nea*

282 759 351 835 que
377 733 644 829 Morgagnum‚
671 728 795 800 arteria
821 751 891 812 ne,
934 747 979 794 an
1023 745 1108 793 reue
1150 733 1265 808 esset,
1361 705 1362 780 l

279 849 472 951 quidquam
499 847 684 946 proferre,
712 871 781 916 non
808 845 884 916 sine
922 841 1075 914 maxima
1117 839 1272 912 admirad

283 971 408 1054 tione,
436 957 681 1039 observabam.
706 963 858 1036 Factum
884 961 965 1050 his,
994 975 1055 1048 ut,
1100 987 1183 1034 curn
1211 986 1270 1033 me

277 1089 438 1164 voluntas
464 1102 651 1184 occuparet
676 1083 867 1184 detegendi
906 1096 1065 1155 naturam
1093 1086 1185 1158 rasis
1201 1083 1268 1156 hu-

279 1213 359 1309 jus,
387 1220 525 1298 setam,
566 1206 755 1305 limamque
795 1206 1012 1302 arriperem,
1051 1216 1085 1274 et
1110 1203 1270 1276 canalem
1362 1211 1363 1220 ’

277 1351 505 1429 persequerer
531 1325 753 1399 infundibulo
780 1329 1000 1398 continuum.
1030 1326 1133 1398 Setae
1159 1326 1272 1424 igitur

276 1449 413 1547 apicem
440 1443 787 1518 infundibuli'lundo
814 1446 970 1541 primum
1015 1441 1142 1528 indidi,
1185 1442 1270 1515 dein
1311 1485 1315 1494 »

281 1594 342 1666 per
384 1593 493 1640 uuum
537 1563 750 1636 infundibuli
786 1563 875 1636 latus
915 1562 1037 1670 limem
1072 1562 1269 1664 agitando,

233 1739 238 1748 .
279 1696 415 1756 tantum
444 1685 531 1756 ossis
557 1686 769 1774 consumsi,
798 1695 835 1754 ut
860 1681 1026 1754 intrusam
1071 1683 1270 1784 delegerim

277 1818 369 1878 setae
396 1819 543 1902 partem.
575 1804 666 1876 Hinc
694 1803 840 1876 ulterius
866 1819 977 1876 setam
1019 1803 1266 1902 impellendo,

274 1925 587 2028 persequendoque
624 1925 816 2016 canalem,
856 1951 939 1998 eum
982 1926 1059 1999 sieri
1093 1927 1270 2019 continuo
1364 2009 1365 2012 Ἴ

278 2045 486 2143 ampliorem
513 2043 766 2134 animadverti,
794 2047 900 2145 inque
927 2046 1028 2120 illum
1054 2043 1198 2118 tandem
1216 2043 1270 2118 lo·

276 2191 358 2238 cum
383 2166 569 2252 desinere,
596 2167 655 2265 qui
684 2166 749 2238 sub
776 2166 885 2238 canali
912 2163 1105 2240 collocatur
1141 2192 1268 2240 nervo·

274 2309 355 2356 rum
383 2286 585 2356 communi.
617 2284 712 2356 Tum
738 2286 911 2372 miratus,
938 2284 975 2354 in
992 2285 1088 2355 eicco
1105 2298 1267 2358 ceterum

278 2428 387 2492 usse,
416 2407 544 2478 canalis
571 2405 717 2476 formam
745 2419 779 2476 et
805 2405 945 2493 finem,
987 2403 1154 2504 injustam
1192 2403 1272 2478 ridi

279 2524 524 2600 Cassebohmii
554 2551 766 2613 censuram,
801 2551 909 2626 quam
946 2551 1012 2623 pro
1052 2527 1123 2600 fine
1164 2521 1273 2626 liujus

279 2646 409 2718 canalis
435 2646 546 2718 texuit
584 2645 640 2718 Du
681 2644 845 2744 Verueyo
871 2641 888 2741 (
914 2667 1057 2720 nxxrrr
1089 2642 1129 2743 )
1158 2645 1271 2745 Coepi

281 2792 325 2842 ex
360 2763 571 2838 hortamen
603 2768 766 2865 cogitare
792 2789 934 2844 mecum
954 2765 1136 2866 ,ecquid
1178 2779 1273 2840 esset

274 2906 444 2973 caussae,
473 2881 570 2982 quod
594 2909 706 2984 neque
733 2883 778 2956 ad
804 2883 968 2958 carotidis
994 2883 1175 2977 canalem,
1207 2911 1269 2960 ue·

275 3031 345 3103 que
367 3005 415 3078 nd
442 3007 609 3105 juguleris
633 3004 881 3078 diverticulum
907 3004 968 3078 liic
1000 3005 1161 3078 tenderet
1199 3007 1268 3082 dn.

274 3137 374 3212 ctus,
402 3125 494 3200 unde
522 3129 682 3200 arteriam
708 3125 814 3198 laeile
838 3141 958 3224 posset
996 3151 1170 3202 rerumve
1211 3155 1269 3204 su·

163 3327 166 3334 ,
278 3246 437 3345 scipere,
466 3244 528 3318 sed
554 3245 799 3318 terminaretur
825 3248 863 3318 in
880 3244 989 3333 lucu,
1015 3257 1138 3344 perum
1169 3249 1267 3345 equi-

280 3361 364 3436 dem
393 3362 532 3438 lavente
557 3361 688 3438 horum
718 3389 882 3465 rasorum
907 3366 1097 3465 ingressui.
1130 3368 1269 3440 Hisac·

279 3482 452 3572 cedebat,
482 3511 540 3558 me
567 3483 677 3583 probe
703 3483 935 3573 meminisse,
971 3483 1037 3556 sub
1076 3483 1267 3560 terminum

276 3605 404 3676 canalis
430 3605 533 3708 liujus
552 3606 692 3695 ,octavi
707 3606 814 3702 ¹paris
839 3629 1028 3679 nervorum
1055 3605 1190 3679 cerebri
1207 3634 1269 3680 au·

277 3728 445 3822 terimam
469 3753 608 3800 remum
632 3724 856 3824 pertransire.
884 3725 926 3798 ln
949 3725 1010 3800 his
1031 3725 1119 3799 dum
1143 3723 1268 3802 liuere·

677 3882 861 3911 -μ

244 3935 247 3942 ’
318 3976 360 4062 (r)
382 3971 455 4040 Lu.
482 3978 535 4042 aa.
564 3971 643 4044 Tau.
662 3974 704 4044 ,5.
730 3973 783 4064 fig.
810 3975 920 4070 aa·
959 4051 966 4062 ,
