2790 4872
712 411 829 512 (²3)

258 584 360 670 rior,
387 583 461 659 sire
485 587 658 682 posterior
698 583 828 657 canalis
855 560 1137 684 χιοιιερίοἰειῑιπ,
1176 586 1261 660 sine·

260 701 339 802 guli
365 728 449 776 cum
474 704 658 777 communi
683 703 838 792 canale,
884 705 1087 779 continuam
1119 705 1248 783 viden·

261 833 320 894 tor
345 823 557 897 curvitatem
585 822 699 921 sequi.
728 821 782 897 Ita
807 822 879 897 duo
907 825 1044 896 canales
1070 825 1250 899 ambobus
1354 891 1357 909 ,

260 941 429 1013 extremis
455 965 538 1014 cnm
566 942 737 1015 vestibulo
762 945 1041 1030 communicant,
1070 956 1106 1015 et
1130 945 1250 1018 tribus

261 1053 339 1140 boc¹
355 1055 584 1131 foraminibus
609 1061 783 1158 aperiunt.
814 1059 1023 1136 Communis
1048 1078 1167 1138 autem
1185 1092 1248 1138 ca·

261 1173 348 1248 nelis
372 1173 527 1254 foramen
554 1179 739 1280 posteriori
762 1179 934 1253 fenestrae
953 1163 1067 1256 oratis
1082 1198 1247 1258 extremo

265 1318 286 1367 e
309 1293 443 1372 directo
470 1298 673 1396 respondet.

365 1417 467 1491 VIII.
495 1421 580 1492 Tria
606 1418 692 1492 baec
716 1415 912 1513 foramina,
940 1425 1068 1525 quibos
1092 1429 1164 1522 jam
1181 1422 1247 1495 de·

263 1537 381 1636 scripti
408 1537 546 1612 canales
571 1539 607 1613 io
633 1538 847 1614 vestibulum
873 1555 1021 1640 patent,
1047 1565 1161 1642 neque
1188 1566 1249 1613 ae·

257 1657 405 1757 quaiiter
430 1656 560 1734 distant
585 1657 676 1730 inter
701 1685 754 1748 se,
782 1683 895 1760 neque
921 1660 1045 1734 eadem
1072 1661 1107 1734 in
1125 1661 1246 1735 omni·

258 1775 322 1850 bus
346 1777 493 1849 ratione.
521 1775 615 1850 Nam
640 1778 731 1848 inter
755 1781 939 1876 proprium
966 1779 1152 1880 supertoris
1180 1804 1242 1852 ca-
1282 1807 1285 1813 ·

261 1902 350 1974 nolis
375 1900 580 1988 orificium,
608 1911 644 1970 et
669 1923 859 1971 commune
883 1896 975 1971 linea
1008 1926 1022 1972 ι
1053 1907 1095 1994 ¹lr
1136 1921 1244 1997 saepe

122 2018 124 2026 ’
254 2021 468 2109 intercedit,
494 2024 585 2096 inter
611 2019 677 2094 boc
706 2044 821 2108 vero,
848 2032 884 2092 et
908 2021 1092 2120 proprium
1109 2021 1243 2094 canulis

255 2148 474 2248 posterioris,
504 2145 539 2216 in
565 2141 741 2243 aliquibus
767 2141 881 2214 lineae
906 2142 1009 2214 unius
1035 2143 1071 2213 in
1089 2142 1166 2215 aliis
1182 2153 1243 2234 72,

259 2270 295 2342 in
321 2268 534 2370 quibusdam
560 2273 599 2354 7,
625 2266 776 2363 spatium
805 2263 1012 2338 intercessit.
1037 2261 1136 2353 Quae
1164 2289 1245 2356 om·

254 2389 314 2458 nia
340 2383 557 2473 ostendunt,
585 2394 714 2484 quanta
740 2384 785 2455 sit
801 2379 1041 2456 diversitas-in
1067 2379 1244 2456 canalium

257 2503 479 2604 longitudine
504 2529 567 2600 pro
593 2502 834 2596 subjectorum
857 2499 1092 2593 diversitate,
1124 2529 1164 2576 ac
1206 2503 1244 2576 in

256 2626 384 2724 majori
410 2624 558 2723 proinde
584 2622 805 2722 singulorum
833 2623 1038 2714 curvitate,
1064 2635 1126 2696 aut
1165 2625 1235 2696 mi·

259 2747 349 2826 nori.
378 2743 471 2818 Illud
496 2758 548 2818 est
572 2757 763 2832 constans,
791 2741 960 2820 chordam
985 2765 1094 2844 quam
1120 2746 1241 2819 conci·

209 2851 215 2860 ⁶
256 2866 375 2966 pimus
402 2865 569 2938 extremis
595 2863 796 2936 subtensam
825 2862 953 2938 canalis
968 2861 1164 2962 superioris,
1180 2888 1242 2961 pn-

257 2985 415 3060 railelam
440 2983 616 3058 horizonti
642 3009 730 3072 esse,
760 2984 859 3057 iilam
884 3010 970 3060 vcro
988 3033 998 3070 ,
1014 3009 1104 3084 quae
1122 2998 1240 3084 poste·

256 3103 345 3175 riori
371 3103 622 3194 subtenditur,
649 3102 872 3177 verticaIem.

357 3220 427 3294 IX.
457 3221 528 3312 Qui
553 3223 714 3323 reliquus
737 3233 790 3292 est
814 3221 969 3294 exterior
993 3221 1154 3294 omnium
1182 3245 1240 3293 co-

255 3339 343 3416 nniis
370 3343 637 3416 semicircularis
661 3341 710 3442 (t)
736 3338 922 3440 parallelus
937 3353 1011 3414 roca
1028 3339 1141 3416 ferme
1160 3339 1241 3413 lon·

256 3459 414 3558 gitudine
440 3486 502 3533 sua
528 3475 618 3534 esset
643 3459 837 3548 horizonti,
864 3459 933 3531 nisi
958 3473 1152 3534 retrorsum
1176 3486 1239 3560 pa·

141 3585 142 3588 ’
255 3605 399 3680 rumper
423 3580 626 3656 declinaret.
655 3581 797 3654 Positus
823 3597 940 3654 tamen
968 3597 1020 3655 est
1045 3582 1082 3654 in
1125 3581 1231 3654 inter-

255 3695 348 3772 vallo
372 3695 526 3772 duorum
559 3699 736 3774 canalium
775 3701 934 3799 superios
976 3700 1236 3800 descriptorum
1346 3705 1350 3719 ‘

657 3887 838 3910 ιιι-ιιι·-

350 3983 391 4074 (t)
415 3981 498 4057 Tab.
529 4009 559 4053 ι.
586 3985 638 4078 fig·
666 4007 698 4052 2.
723 4011 752 4053 c.
776 3985 830 4078 fig.
857 3983 891 4056 3.
917 3987 949 4056 d.
975 3986 1028 4079 fig.
1053 3982 1087 4058 6.
1110 3991 1145 4058 h.
