2760 4874
563 455 699 545 (ua)

99 652 174 730 qno
199 623 314 698 illecta
338 645 442 698 mens
466 620 632 694 libentius
657 617 895 692 observationi
920 641 1035 692 nerum
1048 615 1101 692 in.

102 745 249 822 canabat
273 741 377 841 hujus
404 738 667 817 universitatis.
694 737 786 812 Nam
827 735 989 810 humanis
1007 771 1010 776 ·
1026 738 1101 808 ani-

102 865 169 942 nis
193 887 265 936 nou
292 877 346 938 est
371 859 546 934 nascendo
570 856 755 956 negotium
794 861 906 955 majus
947 859 1105 958 proposi·

102 1001 182 1061 tum
205 1007 315 1084 qum
341 995 381 1056 ut
403 1005 523 1056 aerum
548 991 691 1052 cernant
712 977 914 1050 universam
928 991 1103 1051 naturams

101 1129 174 1204 qm
190 1119 264 1177 tam
289 1098 424 1191 multis,
450 1115 523 1174 tam
536 1097 654 1189 vaniis,
672 1107 813 1198 tamque
837 1098 974 1195 magnis
990 1100 1106 1195 opeti-

102 1227 171 1298 bus
185 1221 402 1298 attendentes
431 1233 620 1320 agnoscant
653 1218 732 1318 quis
755 1228 845 1292 esset
863 1215 1102 1293 ARTIFEX.

107 1346 181 1420 sed
204 1369 326 1418 seusus
348 1342 395 1417 ad
419 1343 584 1416 scientiae
609 1339 845 1412 ministerium
885 1337 1104 1439 voluptatem

107 1461 314 1536 inducentes
338 1459 492 1535 illudunt
517 1457 664 1550 animo,
690 1457 753 1558 qui
777 1459 826 1532 ita
849 1457 1031 1559 voluptate
1055 1457 1107 1532 al-

109 1583 254 1671 ficitur,
281 1578 469 1680 eidemque
493 1575 690 1666 adhaeret,
715 1591 786 1667 nt,
828 1575 994 1650 scientiae
1034 1576 1107 1649 uu·
1145 1580 1146 1589 ’

108 1711 171 1774 ctu
193 1701 332 1800 linoque
355 1697 549 1797 neglecto,
573 1699 613 1770 in
649 1698 725 1796 ipsa
749 1721 918 1771 sensuum
947 1695 1108 1797 vulupta-

118 1834 169 1910 te,
195 1831 379 1918 tamquam
403 1829 529 1906 meta,
556 1816 752 1891 consistat.
794 1813 975 1915 Voluptas
988 1829 1106 1888 autem

114 1963 203 2012 cum
224 1937 341 2010 animo
367 1934 514 2034 placuit,
540 1937 588 2010 ita
630 1946 778 2033 occupat
817 1945 958 2024 totum,
999 1947 1107 2031 atqua

114 2059 193 2132 suis
216 2055 393 2130 illecabris
418 2056 585 2146 inebriat,
614 2069 654 2128 ut
693 2077 841 2128 omnem
883 2053 936 2126 illi
971 2053 1108 2130 aditum

109 2177 157 2252 ad
181 2179 367 2251 cerintum
393 2173 607 2275 praecludat.
634 2175 779 2250 Etenim
803 2173 1108 2249 sollicitudiuem·

110 2297 212 2397 plat,
238 2288 328 2398 quae
351 2296 461 2371 animi
485 2292 676 2368 habitaculi
710 2294 895 2371 convulsio
937 2291 1112 2394 quaedam

111 2431 184 2508 cst,
211 2430 247 2490 ct
270 2415 420 2492 turbinis
442 2417 553 2490 instar
577 2417 624 2489 ita
650 2417 826 2515 perpetim
851 2441 913 2489 cor
939 2415 1111 2515 exagitatj

119 2537 172 2608 ita
197 2535 358 2608 anianum
383 2535 585 2626 conturbat,
612 2549 653 2608 ut
676 2533 847 2636 colligere
873 2558 911 2606 se
935 2535 1006 2606 uo'n
1032 2555 1116 2633 pos·

115 2653 195 2743 sit,
219 2675 334 2752 neque
358 2649 403 2724 ad
429 2651 657 2750 julicandan
682 2679 761 2728 suas
786 2653 880 2730 vires
905 2651 1109 2728 intendere.

118 2773 396 2848 animantem
421 2771 663 2872 voluptatibus
679 2773 847 2865 subdito,
873 2783 910 2846 et
934 2797 988 2865 ea,
1006 2801 1115 2874 quana
1165 2867 1168 2873 Ι

114 2889 289 2990 pariunt,
316 2887 554 2966 sollicitudine
577 2896 712 2981 anxio,
736 2893 858 2968 nescio
880 2919 926 2967 an
950 2895 1014 2970 Sol
1039 2921 1119 2996 pos

116 3009 167 3085 sit
190 3007 382 3108 quicquam
407 3007 529 3082 videre
554 3011 737 3086 nimaina
778 3015 881 3107 Quae
922 3013 1019 3112 euim
1055 3039 1118 3115 po·

119 3123 360 3204 tsstzuaerere
385 3131 584 3228 sapiencia,
607 3155 698 3232 quae
723 3145 797 3206 tota
828 3157 898 3232 pax
940 3145 1022 3226 est,
1047 3149 1120 3213 tota

120 3246 383 3348 tranquillitas,
397 3249 599 3352 irrequieto
623 3252 789 3350 poctou,
815 3265 851 3324 et
885 3253 1015 3328 insanis
1040 3279 1124 3332 vor·

120 3365 443 3468 ticibmgiuus?

109 3535 115 3544 -
227 3484 296 3560 IV.
324 3485 542 3587 Sapimtin
561 3489 683 3591 itaque
712 3489 884 3590 spectanti
901 3523 924 3584 ‚·
948 3495 1018 3568 uisi
1057 3519 1121 3568 suu

109 3604 428 3704 urata-constent
451 3606 546 3699 hae,
573 3631 665 3710 quaa
687 3635 752 3711 per
772 3633 908 3688 seusus·
923 3615 1123 3718 vuluptates

121 3724 352 3819 adveniunt,
379 3729 593 3826 qmnohts
615 3745 737 3808 natura
752 3739 832 3808 'uon
858 3737 1125 3838 occupationem

109 3839 347 3938 -deditssed
384 3846 676 3944 adsumtum,
714 3853 961 3930 ausimum
1000 3855 1126 3930 invita·

127 3973 275 4063 wttt,
300 3979 341 4044 ut
365 3990 437 4068 per.
452 3967 624 4074 imagines
647 3971 954 4074 :natationesque
974 3979 1123 4070 temni,
