2756 4874
542 407 680 498 (ιιι)

105 571 321 672 imponeret.
348 565 424 643 Nee
448 587 486 642 se
508 565 624 670 posuit
649 593 668 642 e
694 565 860 646 facillimo
886 597 1003 654 errore
1027 603 1087 658 ee.

100 712 188 766 vere
214 687 271 766 cl.
298 687 544 788 Morgagnus,
570 686 631 786 qui
658 710 730 782 per
751 685 823 762 boc
834 689 1017 794 foramen
1045 709 1087 776 in

97 805 316 884 recentibus
340 831 437 883 sone
465 799 624 878 auribus
647 827 723 876 non
740 811 876 901 semel,
903 830 972 887 aas
996 813 1087 893 san.

95 931 288 1032 gutjerum
313 950 381 1007 vas
405 924 615 1031 quodpiam
629 925 880 1024 traductum,
908 951 977 1008 nus
1002 953 1087 1013 tro-

95 1053 204 1126 dueti
229 1053 376 1128 indicia
400 1051 657 1146 conspexisse
682 1045 743 1149 (p)
758 1049 956 1128 affirmavit.
986 1059 1090 1136 Telis

96 1185 256 1250 ottemen
284 1169 585 1246 constantissimus
611 1165 715 1268 bujue
741 1182 793 1243 est
818 1172 999 1250 foraminis
1024 1179 1088 1256 bs·

96 1290 224 1384 bitus,
248 1306 291 1366 ut
316 1289 478 1390 pervium
504 1311 642 1388 semper
668 1289 743 1380 sit,
783 1288 991 1394 nullumque
1024 1323 1087 1374 vn·

97 1437 220 1491 sorum
245 1435 356 1510 genus
380 1431 445 1510 per
468 1429 505 1481 se
534 1403 685 1506 pelletur
707 1407 905 1510 progredi.

201 1527 379 1606 Lxxlv.
411 1529 454 1604 si
494 1526 592 1602 nullo
628 1525 737 1630 igitur
777 1528 983 1632 sunguilero
1010 1537 1087 1614 vm·

99 1652 195 1728 siem
221 1648 289 1726 boo
314 1649 472 1726 lorsmeu
498 1644 671 1736 exbibet,
697 1647 838 1723 cuinam
863 1650 981 1728 officio
1022 1654 1086 1730 de·

100 1773 266 1848 sonetum
293 1770 383 1844 est?
408 1767 546 1870 Nempe
570 1780 611 1840 ut
637 1763 777 1840 humori
800 1767 930 1844 eoelum
947 1787 1089 1876 tympu-

102 1891 140 1962 ui
166 1889 316 1990 replenti
344 1887 479 1963 exitum
505 1883 689 1978 concedet,
709 1896 744 1956 et
770 1887 1002 1986 equeeduetui
1029 1921 1091 1970 eo-

98 2008 251 2104 ehleee,
279 2022 317 2084 ut
341 2007 528 2100 diximus,
553 2005 659 2080 societ
684 2007 873 2107 originem.
902 2011 1003 2086 Scala
1021 2017 1089 2117 igi.

102 2143 159 2206 tur
187 2129 352 2232 tympani
377 2128 445 2204 etsi
470 2124 696 2226 longitudine
722 2124 826 2196 cedet
842 2127 956 2208 scolae
979 2136 1090 2210 vesti-

96 2248 172 2323 buli
199 2249 335 2349 (xxr),
360 2245 526 2351 ampliori
553 2257 705 2328 tumeo,
747 2245 905 2320 maxime
941 2267 1087 2352 propter

94 2370 289 2445 fenestram
313 2367 533 2468 rotundam,
558 2363 693 2466 gaudet
717 2363 879 2458 lumino,
922 2385 958 2446 ut
982 2397 1086 2476 saepe

95 2491 235 2596 duple,
262 2517 335 2568 nou
360 2491 599 2592 infrequenter
624 2484 727 2588 triple
741 2490 875 2564 ratione
898 2492 998 2568 illurn
1025 2520 1085 2572 su·

94 2627 209 2714 peret.
239 2610 375 2690 Debuit
397 2635 551 2710 numque
575 2642 706 2692 strues
729 2607 861 2686 scalam
887 2614 1083 2710 vestibuli,

95 2761 186 2836 quse
211 2729 402 2807 bumorem
427 2729 549 2822 ducit,
577 2736 676 2832 cujus
691 2743 793 2807 motu
807 2755 895 2806 nous
920 2732 1086 2813 cochleae

93 2856 321 2957 peruellitur,
348 2853 589 2956 angustiorem
616 2851 744 2944 tacere,
772 2854 931 2932 otiarer
957 2856 1087 2934 bumo-

93 3001 195 3068 rem‚
224 2986 260 3047 et
287 2999 418 3048 nonem
444 2971 563 3046 frictio
587 2986 791 3065 cresceret,
825 2992 1085 3082 sugereturque

95 3101 249 3174 semotio
274 3093 497 3198 (ιιιιιι);
522 3093 651 3170 serlum
675 3100 963 3198 rerutympeni‚
989 3125 1084 3202 qua·

95 3221 332 3296 diversorium
358 3219 449 3292 sistit
474 3214 555 3290 huie
579 3213 721 3292 bumori
745 3216 953 3319 ampliorem
980 3222 1084 3300 effor-

94 3368 207 3420 mere.
235 3339 416 3444 Tympani
443 3349 543 3414 re'ru
553 3337 645 3414 susle
685 3337 801 3414 sicubi
818 3341 1010 3444 umplior,
1036 3347 1083 3444 ed

95 3457 284 3539 fenestram
310 3474 404 3536 certe
417 3457 618 3536 rotundum
658 3459 873 3562 amplissime
907 3477 991 3556 est,
1018 3467 1084 3544 ubi

24 3573 27 3580 ’
95 3585 330 3685 posteriorem
355 3577 463 3656 babet
487 3578 717 3682 parietem-in
752 3579 890 3681 pelvim
923 3585 1081 3664 infundi-

95 3699 364 3776 bulo's'imilem
390 3715 599 3777 uersatum
626 3703 742 3801 -eujus
763 3701 812 3776 'iu
845 3700 955 3779 luudo
988 3705 1081 3784 lors-

494 3872 679 3904 η.-

144 3965 194 4068 (p)
216 3959 295 4031 Ine.
321 3969 374 4032 ιιι.
488 3978 491 3986 ·
