2790 4872
571 475 693 570 (²9)

117 649 134 748 (
159 674 215 738 r,
242 671 285 722 vt
316 641 345 744 ).
374 637 496 718 Oritur
523 643 677 716 anterius
703 667 723 714 a
749 643 921 742 superiori
946 635 1115 720 vestibu'a·

116 769 143 842 li
171 782 303 868 parte,
330 789 424 866 quae
449 749 634 866 proprium
660 759 850 877 superioris
880 766 1007 839 canalis
1033 767 1102 841 ori·

120 892 276 979 ficium,
304 900 339 960 ct
364 886 502 962 ovalem
527 883 718 956 fenestram
753 882 972 974 intercedit,
1011 885 1104 960 desi-

118 1011 243 1110 nitque
268 1005 303 1082 in
330 1005 511 1105 posteriori
539 1013 636 1104 parte
664 1001 865 1093 vestibuli,
908 1031 1011 1108 supra
1050 1009 1105 1079 in·

120 1127 338 1218 tertullum,
366 1126 463 1229 quod
486 1125 578 1198 iuter
618 1125 801 1224 proprium
828 1127 881 1198 es't
905 1127 1107 1226 posterioris

119 1247 276 1338 canalis,
304 1262 340 1322 et
364 1243 564 1320 communis
590 1241 780 1319 orificium.
808 1244 850 1318 In
869 1259 948 1320 ortu
967 1273 1110 1344 perum·

117 1366 205 1467 plo,
234 1366 419 1466 elliptico‚
445 1378 714 1466 retrorsumque
740 1365 893 1466 longiori
936 1365 1109 1440 toramine

117 1486 280 1588 gaudet,
308 1485 408 1586 quod
433 1487 627 1560 acutissimi
652 1486 795 1586 aggeris
825 1486 1049 1576 interventu,
1089 1515 1109 1562 a

116 1608 264 1711 proprio
289 1607 481 1706 superioris
508 1604 642 1680 canalis
666 1607 816 1692 orificio,
846 1605 943 1708 quod
959 1607 1111 1683 feread-

119 1743 274 1831 aequat,
301 1722 560 1830 distinguitur,
589 1753 671 1800 cum
698 1753 770 1828 quo
813 1728 984 1828 anguium
1024 1758 1107 1831 gra·

122 1848 236 1924 duum
264 1871 374 1948 prope
402 1872 447 1944 7⁰
472 1846 676 1944 intercipit.
712 1846 892 1922 Posterior
908 1865 1027 1924 autem
1042 1864 1115 1925 ter·

121 1966 241 2040 minus
266 1965 303 2036 in
327 1965 457 2038 arctius
482 1959 614 2038 desinit
638 1965 898 2068 rotundiusque
932 1967 1113 2062 foramen,

123 2097 161 2158 ct
184 2109 289 2185 saepe
316 2085 355 2178 'lo
379 2087 537 2185 prioris.
568 2083 668 2188 Quae
692 2085 934 2184 amplitudinis
950 2079 1115 2166 differens

124 2211 172 2281 tia
199 2207 403 2307 iunctique
436 2204 570 2285 canalis
604 2202 760 2296 decursu
810 2217 864 2280 est
890 2211 1112 2302 manifesta,

124 2355 211 2420 nam
236 2325 386 2405 dimidia
415 2325 584 2405 anteriori
610 2321 699 2404 snae'
739 2324 976 2430 longitudinis
1017 2343 1115 2434 parte
1224 2357 1231 2372 ’

126 2449 289 2550 capacior
315 2463 395 2540 est,
424 2449 461 2522 in
487 2447 620 2550 reliqua
644 2453 856 2522 coaretatur.
884 2451 999 2549 Hujus
1039 2455 1115 2528 lon·

125 2568 297 2673 gitudinis
322 2569 396 2644 axis
422 2595 484 2646 sex
508 2569 618 2644 lineas
643 2571 849 2671 saepissime
874 2559 1055 2676 adaequat.

154 2756 160 2766 .
229 2693 284 2767 X.
311 2691 478 2766 Fenestra
503 2703 622 2765 autem
647 2691 798 2766 rotunda
819 2743 832 2781 ‚
857 2696 1045 2794 quamsub
1073 2723 1112 2771 o·

129 2809 202 2911 sali
227 2810 383 2900 diximus
408 2809 494 2910 (rr)
519 2811 555 2884 in
581 2823 752 2910 tympano
778 2809 931 2908 aperiri,
958 2811 1026 2888 sub
1051 2841 1116 2914 po-

130 2931 269 3023 steriori
294 2931 435 3029 proprie
461 2932 612 3006 termino
645 2929 760 3032 pelvis
802 2929 975 3005 fenestrae
1017 2935 1114 3010 illius

130 3053 246 3152 posita
270 3067 351 3142 est3
379 3049 586 3154 lumineque
612 3049 745 3151 gaudet
768 3075 840 3124 nnn
867 3049 972 3151 piane
997 3055 1113 3129 circu·

131 3169 222 3261 lari,
251 3168 314 3242 sed
341 3171 459 3268 potius
485 3169 715 3267 parabolico,
743 3179 778 3242 et
801 3172 991 3268 posteriora
1021 3187 1114 3250 *verb

135 3315 195 3364 sus
220 3281 359 3391 iu'tegre
381 3301 527 3387 petente
552 3289 626 3389 (u).
656 3293 807 3364 Sextum
831 3291 916 3364 rer'o
940 3292 1115 3388 foramen,

14 3453 17 3468 ·
137 3409 236 3514 quod
261 3410 300 3482 in
326 3407 502 3486 vestibulo
515 3407 831 3494 *diximus-adesse*
854 3410 935 3512 (ri)
952 3403 1025 3502 ,ei
1042 3401 1047 3412 ¹
1066 3419 1113 3494 ad

139 3527 322 3602 cochleam
347 3540 534 3629 spectaro,
564 3528 630 3604 sub
656 3543 753 3636 recto
770 3527 1115 3632 margine'ienestrae

141 3648 251 3739 uvalis
276 3647 481 3724 immediate
506 3649 659 3747 positum
698 3661 749 3724 est
765 3701 776 3740 ‚
795 3663 947 3749 atque-,e
961 3695 965 3711 ι
981 3643 1117 3732 *directo

136 3769 352 3846 vicinissime
378 3767 542 3844 imminet
581 3767 752 3844 fenestrae
779 3767 974 3846 rotundae.
1018 3769 1116 3850 Haec
1173 3751 1177 3758 ’

225 4047 276 4138 (u)
299 4043 381 4119 Tab.
411 4075 441 4121 r.
466 4049 518 4144 fig.
543 4053 577 4122 6.
599 4079 630 4122 e.
661 4011 688 4026 ··
809 4073 812 4082 ’
