2760 4874
530 425 669 514 (¹⁸7)

108 613 179 692 qno
205 588 241 664 ln
268 595 341 664 tam
368 583 538 680 occulta,
564 602 601 665 ct
624 590 670 664 ob
712 591 876 672 exteriori
901 595 996 672 lucis
1036 623 1092 686 aa·

111 736 223 789 sessu·
236 723 384 803 renota*
398 709 508 799 sede,
535 712 688 812 agitatae
729 714 865 788 cerebri
900 713 1013 794 fibrae
1041 715 1096 792 ln-

106 859 189 911 cem
214 831 404 914 emittent,
440 831 615 934 imagines
655 859 916 940 rerumquae
954 861 1098 914 cernere
1147 927 1149 932 ¹

20 1025 22 1030 .
105 956 252 1031 animus
278 952 425 1052 cupiat,
451 951 709 1032 illustrantem.
748 957 871 1052 Quam
911 956 1098 1038 luciferam

105 1087 273 1148 naturam
297 1097 373 1148 esse
399 1076 544 1152 cerebro
568 1075 741 1168 insitam,
769 1090 806 1152 et
829 1102 904 1156 nou
941 1080 980 1154 in
1019 1102 1098 1154 onr-

107 1195 378 1288 nitasuram,
403 1196 570 1276 videntne
595 1197 810 1290 ostendere,
837 1219 988 1303 quorum
1014 1225 1099 1276 oen·

106 1318 135 1390 li
162 1313 385 1393 intenebris
408 1329 504 1394 tanta
529 1317 611 1392 luce
634 1332 845 1412 coruscant,
871 1334 911 1396 ot
944 1321 1102 1396 circum·

108 1435 224 1538 posita
249 1433 383 1536 objecta
408 1434 563 1512 reddant
587 1437 772 1530 visibilia,
799 1439 896 1542 quod
919 1436 965 1516 de
989 1440 1100 1522 Tibe·

110 1559 166 1632 rio
194 1556 347 1634 Caesare
374 1574 611 1636 memoratum
634 1557 837 1638 babemus.
876 1562 1035 1640 Excitari
1060 1563 1099 1638 in

111 1678 258 1754 cerebro
314 1678 471 1756 vividius
522 1678 613 1756 benc
652 1679 812 1778 lucem,
849 1681 1095 1760 meditationis

110 1799 249 1874 tructos
274 1811 358 1890 cst,
383 1821 478 1900 quae
499 1800 636 1878 cerebri
676 1802 784 1878 fibras
821 1831 906 1880 cunr
944 1820 1092 1882 eonten-

111 1921 210 1994 tione
235 1918 388 2019 quadam
426 1921 563 2020 agitet,
605 1935 713 2021 atque
737 1922 947 2000 dimoveas.
991 1923 1032 1996 In
1057 1949 1099 1996 aa

112 2063 240 2116 sensus
264 2037 396 2138 duplex
422 2050 476 2112 eat
499 2039 650 2126 animo,
676 2038 766 2114 elter
792 2038 978 2114 molestiae
1009 2038 1103 2138 phy·

114 2160 241 2250 sicae,
267 2183 377 2260 quana
418 2157 586 2230 distortae
625 2155 735 2230 fibrae
760 2158 949 2248 excitant3
984 2157 1100 2251 alter,

112 2286 175 2386 qui
200 2281 301 2356 venit
324 2278 370 2352 ab
395 2277 556 2352 idearum
578 2278 735 2352 intuitu.
762 2277 842 2354 Nec
867 2289 988 2354 temen
1025 2291 1100 2354 rota

114 2401 285 2502 cogitatio
311 2423 431 2474 sensus
458 2409 539 2476 est:
566 2421 707 2499 quarn,
734 2397 797 2496 qui
835 2421 920 2474 curn
953 2397 1100 2474 sensibi-

111 2524 214 2598 litate
239 2519 491 2611 coniundunt‚
519 2517 608 2594 mibi
632 2515 796 2594 videntur
831 2517 978 2596 bomani
1019 2524 1096 2596 ani·
1159 2553 1160 2558 ¹

113 2646 167 2723 mi
190 2670 261 2717 non
285 2644 369 2718 satis
394 2639 563 2716 attributa
595 2640 844 2740 perspexisse.
880 2640 977 2722 Nam
1016 2671 1099 2722 sen·

114 2789 176 2838 aas
199 2765 381 2864 perceptio
407 2775 490 2856 est,
517 2763 691 2862 cogitatio
716 2771 843 2850 actns;
866 2787 982 2863 quae,
1009 2764 1098 2842 dum

113 2885 216 2960 ideas
240 2887 376 2984 carpit,
404 2909 525 2959 sensus
550 2897 586 2958 et
609 2886 684 2984 ipsa
711 2895 792 2973 cat;
822 2880 913 2959 dum
953 2910 1099 2986 eompa-

115 3018 175 3080 ret
198 3004 327 3094 simul,
352 3001 665 3104 concludendaqne
682 2999 862 3093 deducit,
890 2999 1037 3078 facultas
1051 3018 1104 3078 est

118 3153 140 3200 o
166 3124 459 3214 sansadonia,
487 3147 578 3226 qnae
604 3121 731 3222 nequit
757 3142 833 3194 esse
867 3120 934 3195 nisi
973 3134 1101 3221 poten-

119 3243 219 3335 tiae,
247 3256 283 3314 et
306 3243 470 3342 spiritus.
846 3242 848 3246 ’

226 3361 297 3437 lx.
324 3355 398 3440 Sed
422 3357 663 3438 meditationis
689 3357 823 3436 utilitas
849 3385 921 3434 non
953 3359 991 3434 in
1035 3359 1112 3436 solo

119 3482 249 3562 rnorali
275 3485 408 3558 eminet
433 3479 586 3574 effectu3
611 3479 804 3581 physicum
828 3478 876 3554 ita
901 3493 1051 3584 spectat,
1071 3493 1110 3554 ut

122 3621 160 3680 et
184 3605 373 3680 cerebrum
395 3603 572 3694 extricet,
615 3615 651 3677 et
691 3627 838 3678 omnem
874 3605 1011 3705 primae
1051 3628 1111 3678 ae·

120 3728 204 3802 tetis
228 3725 405 3801 servorem
431 3722 570 3798 cerebri
594 3735 866 3826 contemperet.
904 3725 996 3801 Nam
1034 3745 1111 3799 me-

120 3838 304 3921 ditationis
330 3857 491 3943 tempore
516 3841 635 3919 cordis
663 3859 782 3918 motus
804 3841 999 3945 elanguet,
1025 3865 1113 3942 qua·
1240 3883 1242 3888 ·

129 3970 160 4048 si
186 3969 223 4045 in
248 3965 462 4070 obsequium
487 3964 596 4044 enimi
621 3964 686 4044 sibi
714 3964 894 4058 recentis3
928 3962 1109 4064 anagninis
