2756 4874
516 425 638 520 (⁸9)

99 613 175 662 erm
201 587 292 664 ultro
319 587 401 666 addi
425 612 532 692 posse
558 589 733 666 ridentur.
761 591 906 668 Etenim
951 597 1082 700 saepis·

102 715 256 791 simoin
282 714 359 812 ejus
385 715 537 814 figuram
562 713 771 815 inquirens,
810 739 880 790 uon
906 715 979 790 sino
1004 744 1088 796 cou-

104 835 210 911 stooti
239 848 381 940 uoturoe
406 835 589 926 instituto,
617 833 682 934 (ut
706 833 795 908 mihi
821 835 865 908 od
890 836 1089 920 huncdiem

104 960 224 1035 visum
251 971 303 1030 ost
329 954 346 1055 )
372 956 542 1032 verticum
567 953 754 1028 foraminis
779 952 906 1058 hujus·
922 961 971 1036 ito
1015 965 1091 1042 vidi

100 1101 318 1166 recurvum,
345 1092 415 1164 ut,
443 1103 527 1150 cum
553 1073 735 1164 lateribus,
751 1075 881 1176 quibus
908 1083 1093 1158 contiuuo·

98 1201 221 1290 batur,
250 1223 372 1274 reram
401 1195 669 1299 hyperbolicum
694 1196 845 1298 tigurum
862 1202 1094 1301 comprehen-

100 1323 204 1396 deret
231 1322 305 1422 (o).
335 1320 437 1410 Quae
463 1343 548 1392 sane
573 1320 686 1420 figura
714 1343 784 1392 nou
810 1317 855 1392 od
897 1323 1016 1420 ipsum
1040 1323 1095 1398 fo·

98 1466 223 1518 romeu
250 1442 395 1516 omuino
422 1440 588 1538 pertinet,
615 1437 678 1512 sed
703 1437 748 1512 ad
782 1437 924 1516 alveum
949 1441 1086 1537 iilum,

99 1569 174 1640 rive
203 1562 370 1652 sulcum,
397 1587 504 1663 quern
532 1559 741 1662 hyperbolis
773 1560 910 1655 latera,
951 1581 1088 1641 exstru-

98 1691 149 1762 tia
175 1687 290 1776 sotis,
317 1683 569 1783 intercipiunt,
596 1682 633 1753 iu
668 1683 786 1781 ipsum
827 1683 894 1759 hoc
934 1685 1092 1764 foramen

97 1807 336 1882 desinentem.
364 1803 458 1880 Nom
484 1801 549 1876 sub
574 1802 709 1876 vertice
726 1801 867 1879 tondum
884 1803 1086 1908 hyperbolis

98 1930 265 2004 foramen
291 1927 521 2028 conspicuum
550 1940 631 2017 est,
673 1926 808 2002 iumine
843 1929 961 2019 orati,
989 1943 1024 2002 et
1048 1927 1095 2004 od

98 2048 280 2139 rimulae,
308 2054 391 2124 sotis
416 2059 533 2122 tameo
560 2048 715 2146 perviae,
742 2048 896 2122 formam
920 2049 1092 2122 accedeu-

99 2183 158 2260 to;
184 2170 286 2265 cujus
315 2193 387 2241 nou
413 2167 539 2242 eadem
565 2182 640 2250 est,
668 2191 732 2262 pro
773 2163 1016 2265 subjectorum
1059 2179 1095 2242 et

98 2293 220 2364 rotatis
246 2288 501 2376 varietatibus,
531 2286 754 2389 amplitudo.
789 2286 902 2388 Saepo
935 2289 1030 2360 onim
1056 2290 1095 2364 iu

101 2407 207 2499 feto,
235 2409 454 2510 minorisque
479 2410 602 2482 oetotis
636 2405 870 2495 homiuibus,
908 2405 996 2480 mihi
1034 2433 1096 2507 po·

104 2533 237 2606 tentius
264 2533 381 2604 risum
406 2545 471 2604 ost.
500 2531 549 2604 Et
575 2528 729 2601 naturali
767 2527 935 2606 vestibuli
979 2531 1095 2630 positu

103 2667 268 2744 servato,
294 2655 327 2727 is
353 2654 440 2726 situs
467 2665 549 2741 est,
575 2663 654 2723 tum
679 2650 887 2738 foraminis,
914 2679 997 2726 cum
1022 2651 1095 2726 sol·

102 2776 160 2864 ci,
184 2776 221 2846 in
248 2800 356 2874 quem
382 2775 621 2867 continuatur,
648 2783 690 2844 ut
714 2771 758 2845 od
784 2772 996 2848 anteriorem
1013 2799 1093 2874 prr·

101 2913 178 2974 tem
205 2896 333 2969 orificii
357 2896 715 2970 conolircommunis
756 2893 911 2971 foramen
946 2909 982 2971 ot
1006 2897 1097 2972 sulci

103 3024 207 3119 origo
230 3016 459 3116 pertineant,
486 3019 586 3116 cujus
622 3013 801 3116 reliquum
835 3045 897 3117 per
932 3017 1097 3094 vestibuli

103 3139 346 3239 pavimentum
371 3135 540 3210 decurrit.
576 3133 675 3209 Sulci
712 3133 816 3234 hujus
859 3135 965 3211 latero
1004 3137 1097 3212 hone

104 3281 210 3356 saepe
235 3270 429 3356 sequuntur
469 3252 734 3328 directionem:
762 3257 959 3354 posterius,
997 3254 1096 3356 quod

105 3377 302 3456 exstantior
328 3387 406 3468 est,
435 3389 470 3450 et
505 3374 615 3453 voluti
656 3375 900 3452 semicouolem
939 3378 1097 3454 recondit

105 3499 312 3600 proximum
338 3495 614 3596 continuumque
654 3494 844 3586 foramini,
870 3497 908 3570 iu
950 3511 1094 3580 acutum

105 3644 276 3722 oggerum
302 3616 474 3702 (xxviro
504 3615 521 3718 )
561 3617 694 3720 proprii
736 3615 861 3695 orificii
892 3621 1096 3720 posterioris

104 3739 238 3815 canatis
262 3739 372 3813 finem
397 3737 529 3840 pouit:
559 3738 727 3832 notorius,
756 3741 831 3822 sire
845 3739 963 3840 potior
988 3765 1094 3840 supe-

110 4003 314 4100 -1-<0)Tab.
344 4033 374 4084 t·
399 4007 453 4100 fig.
480 4004 513 4076 3.
539 4003 562 4074 Ι.

312 4369 319 4410 i
