2756 4874
767 423 884 518 (9⁶)

333 612 461 705 genter
485 611 650 690 servato,
677 623 696 670 a
722 599 840 672 cranio
864 593 1018 692 divulsa,
1046 617 1151 696 saepe
1194 597 1313 673 estc·

325 721 435 798 canda
463 719 685 808 curaverim,
713 717 789 790 vidi
833 717 946 792 Iactus
985 727 1065 815 post
1103 717 1314 792 exsiccatio·

322 867 432 930 nem,
458 838 697 940 patentissime
723 840 892 932 internam
918 835 1085 910 luminam
1101 831 1214 909 durae
1233 862 1311 910 ma·

322 964 384 1036 tris
409 959 453 1032 ab
480 973 621 1034 externa
647 962 695 1032 ita
720 957 787 1032 sub
813 958 903 1032 rima
930 955 1068 1055 (uix)
1094 939 1324 1056 separatum,¹

324 1092 365 1151 ut
387 1081 568 1182 supposita
593 1061 753 1167 cavitas,
781 1091 924 1178 propter
942 1074 1037 1150 iIIius
1063 1076 1211 1148 laminae
1229 1075 1308 1178 peI·

317 1197 573 1295 luciditatem,
603 1201 864 1304 conspiceretur
893 1250 902 1271 .
932 1197 1099 1271 Ceterum
1136 1199 1203 1270 uisi
1242 1201 1309 1272 ista

319 1332 528 1417 tententur,
570 1320 673 1407 huius
712 1319 934 1396 membranei
973 1321 1050 1394 cari
1096 1319 1133 1391 in
1166 1319 1309 1394 detecta

323 1447 429 1518 crauii
456 1445 557 1538 basi,
585 1435 630 1518 n'e
654 1443 874 1526 levissimum
917 1441 1063 1544 quidem
1104 1443 1301 1544 vestigium

314 1539 436 1637 licebit
463 1564 588 1656 intueri
606 1619 618 1643 .

418 1686 554 1762 LXIII.
600 1685 801 1787 Caritate(
827 1685 920 1788 uxr)
956 1682 1126 1777 detecta,
1168 1709 1233 1785 pur
1259 1685 1307 1758 ri·

322 1827 422 1878 mam
447 1805 482 1879 in
508 1833 546 1881 ea
572 1820 780 1909 patentem,
809 1818 920 1881 setam
945 1807 1083 1907 quoties
1111 1806 1303 1893 voluimus,

325 1923 365 2000 iu
383 1948 521 1999 osseum
541 1929 748 2003 intrusimus
772 1924 1012 2030 aquaeductus
1038 1925 1308 2026 canalem(urx)

317 2042 351 2114 ei
378 2045 601 2139 continuum,
627 2073 719 2149 quae
755 2045 910 2150 jucundo
951 2069 1056 2147 saepe
1096 2045 1305 2147 spectaculo

315 2163 503 2241 confestim
529 2168 618 2242 iut'ra
644 2168 860 2245 vestibulum
883 2168 1101 2269 penetravit.
1130 2168 1207 2244 Nec
1235 2171 1304 2243 rui-

313 2287 393 2358 uori
419 2287 565 2386 quidem
590 2289 751 2363 facilitate
776 2291 1006 2391 pertransiit,
1031 2288 1169 2390 quoties
1196 2316 1216 2362 a
1241 2313 1304 2364 ve·

314 2404 448 2481 stibulo
472 2433 536 2508 per
561 2411 798 2509 aquaeductus
833 2411 1012 2487 orificium
1038 2421 1109 2484 seta
1150 2411 1302 2512 impulsa

317 2541 400 2612 est:
429 2529 501 2601 risa
528 2531 638 2603 euim'
654 2531 689 2604 in
715 2533 804 2606 hauc
829 2556 931 2633 saepe
957 2535 1144 2608 cavitatem
1170 2557 1298 2634 perve-

314 2646 423 2718 nisse.
451 2645 601 2722 adhoc
628 2647 906 2752 experimentum
932 2651 998 2725 rite
1039 2647 1298 2726 instituendum
1366 2687 1367 2700 κ

312 2763 386 2837 uuo
412 2767 558 2843 omnino
583 2771 774 2845 necessaria
800 2784 893 2846 suut.
921 2771 1083 2844 Primum
1114 2824 1125 2861 ,
1159 2782 1196 2842 ut
1225 2781 1300 2845 seta
1365 2769 1366 2835 ἶ

315 2908 384 2987 per
407 2889 534 2965 rImam
560 2893 784 2984 intrudatur,
812 2909 903 2993 quae
929 2889 1044 2965 adhuc
1070 2892 1208 2992 integre
1232 2890 1301 2965 du·
1364 2953 1365 2966 2

311 3033 355 3084 ra
379 3022 492 3086 matre
515 3011 638 3086 induta
664 3013 734 3103 sit;
760 3013 898 3116 quoties
924 3018 1017 3089 enim
1052 3008 1139 3083 haec
1174 3012 1300 3088 abasi
1363 3081 1364 3108 ,

315 3132 427 3205 cranii
453 3131 591 3209 divulsa
618 3147 692 3226 est,
720 3136 807 3210 dum
834 3148 906 3210 seta
931 3163 996 3238 per
1025 3137 1151 3213 rimam
1176 3161 1298 3212 versus
1362 3219 1363 3244 ,

308 3251 526 3328 vestibulum
551 3254 771 3346 intruditur,
798 3254 1008 3330 filamcntaa
1033 3253 1186 3330 lacerata
1209 3253 1298 3329 dura
1361 3345 1362 3350 ἵ

312 3387 429 3450 matre
454 3375 543 3450 iutra
569 3375 907 3469 anastomotica,
946 3379 1041 3453 riam
1081 3403 1143 3478 per
1185 3401 1296 3478 quam
1361 3359 1362 3379 ¹

312 3509 387 3570 seta
412 3511 597 3598 penetrare
623 3500 758 3592 debet,
788 3498 1051 3601 quodammodo
1075 3498 1294 3573 obstruunt.
1360 3483 1361 3515 ¹

311 3613 390 3692 Ubi
416 3643 501 3695 vcro
529 3649 590 3723 per
614 3623 851 3725 aquaeductus
876 3621 1051 3697 orificium
1089 3634 1161 3697 seta
1185 3641 1296 3719 pane-
1358 3615 1360 3686 ,¹

305 3750 408 3833 trat,
435 3767 538 3845 saepe
564 3745 630 3819 ista
656 3747 759 3822 vitari
776 3755 1033 3822 consueverunt
1049 3765 1059 3814 τ
1075 3764 1295 3846 quamquam
1358 3762 1359 3785 ¹

310 3879 384 3930 nou
408 3885 487 3936 raro
513 3863 679 3957 accidat,
708 3869 782 3941 siva
807 3865 855 3938 ab
894 3864 1093 3966 augustiam
1132 3860 1294 3952 canalis,
1357 3871 1358 3922 ὲ

314 3977 392 4058 sire
415 3980 465 4058 ab
490 3985 699 4068 eurumdem
723 3985 867 4068 filorum
891 3984 1160 4082 resistentiam,
1186 3995 1228 4060 ut
1249 4006 1295 4054 ue
1356 4037 1357 4057 i
