2760 4874
514 466 653 558 (¹89)

90 659 174 736 usus
200 663 220 709 a
246 647 340 710 recta
376 629 509 707 cerebri
533 629 737 705 habitudine
772 632 970 731 procedat,
1008 633 1078 710 uisi

91 753 207 831 multa
232 751 478 825 exercitatione
504 747 689 828 cerebrum
732 749 940 846 excolatur,
983 755 1078 844 uisat-

92 903 164 975 quc
191 875 299 949 animi
325 869 549 972 explicetur,
576 869 787 945 frustrares
821 886 917 948 tanta
954 899 1079 976 exspe-

94 995 246 1070 ctabitur
270 989 396 1094 sponte
419 1013 508 1063 sua.
553 985 646 1064 Nam
679 1002 803 1064 natura
841 993 971 1070 format
1015 1018 1082 1066 nos

94 1119 190 1192 intus
224 1115 270 1189 ad
305 1139 476 1218 magnum
516 1116 697 1190 actionum
735 1115 910 1190 ambitum
945 1113 1091 1216 aptissi-.

26 1308 32 1324 ,
96 1260 204 1308 mos:
230 1237 294 1307 nisi
334 1260 417 1308 vero
452 1233 618 1323 animus,
659 1237 759 1333 cujus
785 1233 934 1336 imperio
960 1237 1081 1309 omnia

96 1367 246 1456 parent,
274 1352 410 1456 singula
444 1353 491 1426 ad
526 1351 682 1426 officium
720 1366 859 1445 vocet,
895 1369 1001 1457 atque
1027 1339 1083 1429 sin

100 1477 215 1552 officio
240 1489 386 1565 teneat,
413 1474 529 1548 omnis
555 1476 614 1549 illa
640 1473 883 1550 membrorum
920 1476 1083 1577 aptitudo
1105 1542 1109 1560 .

100 1595 258 1695 jacebit.
285 1592 449 1666 Facultas
487 1593 656 1683 cerebri,
683 1617 755 1692 quo
799 1592 906 1670 veluti
950 1619 1085 1696 organo

102 1714 240 1784 animus
265 1711 375 1784 utitur
400 1710 445 1784 ad
477 1733 636 1810 magua,
674 1723 709 1784 et
752 1707 926 1809 praeclara
970 1710 1091 1783 munia

105 1825 298 1917 obeunda,
325 1841 421 1909 tanta
446 1831 542 1920 crit,
570 1843 739 1931 quantam
764 1829 833 1902 sibi
858 1828 995 1904 animus
1029 1855 1091 1928 pa-

105 1952 237 2024 raverit
260 1947 350 2021 ittud
376 1949 597 2022 exercendo.
638 1949 836 2022 Meditaudi
876 1973 957 2022 usus
991 1973 1092 2031 cere·
1145 1963 1147 1968 '

105 2070 214 2142 brom
239 2065 412 2166 expedit,
438 2065 625 2168 quodnisi
650 2064 735 2137 dum
762 2075 923 2138 tenerum
959 2081 1014 2137 est
1039 2065 1095 2137 di·

107 2188 315 2290 sposueris,
342 2188 470 2262 frustra
495 2185 682 2261 conaberis
708 2185 754 2260 ad
778 2211 862 2260 usus
896 2187 1006 2260 animi
1033 2215 1092 2288 ap-

106 2323 183 2384 tare
223 2335 306 2381 cum
332 2306 524 2380 occalluit.
568 2301 834 2378 Desidiosorum
875 2305 1094 2394 cerebrum,

109 2430 210 2532 quasi
232 2429 302 2502 situ
326 2425 551 2518 obductum,
578 2424 818 2526 impeditum,
846 2435 881 2498 el
904 2429 998 2500 iners
1014 2427 1094 2527 'lit3

109 2551 294 2626 industriis
318 2549 443 2622 animis
469 2560 590 2648 pateus
615 2545 776 2646 expedita
802 2545 907 2619 habat
942 2549 1091 2622 omnia.

112 2673 189 2746 Sed
216 2697 280 2746 uos
305 2667 590 2771 ignavia‘ritiari
616 2668 822 2756 malumus,
849 2681 884 2741 et
922 2683 1100 2770 torpesce-

113 2819 154 2868 re
177 2847 189 2883 ,
216 2817 323 2892 quarn
349 2787 532 2862 cerebram
560 2786 755 2862 exercendo
782 2787 889 2864 animi
923 2789 1105 2866 facultates

116 2910 295 3008 explicare
326 2963 336 2998 ,
367 2933 473 3006 parvo
511 2903 633 2977 labere
668 2905 854 2981 deterriti.
896 2909 1013 2984 Labor
1052 2927 1106 2984 est

117 3032 247 3131 aliquis
282 3024 624 3129 ingredientic'sed
667 3026 876 3126 paullatim,
914 3029 1106 3105 obstaculis

114 3154 252 3230 virtute
275 3147 399 3234 victis,
426 3146 561 3249 reliqua
587 3135 755 3248 proclivia
788 3161 896 3223 sunt.
925 3151 1104 3227 Nimirum

115 3274 321 3374 ignoramus
362 3264 451 3365 quid
486 3288 634 3366 corpore
671 3265 789 3341 valere
816 3322 828 3358 ,
855 3270 941 3370 quid
984 3275 1102 3347 auimo

118 3391 323 3491 possimus,
352 3387 433 3486 quia
471 3387 660 3486 vigorem,
702 3411 809 3487 quem
850 3391 952 3464 uobis
985 3409 1106 3470 nutura

117 3507 279 3597 indidit,
314 3503 560 3606 experiendo,
598 3501 869 3609 exercendoque
905 3536 972 3584 nou
1011 3514 1110 3587 nori·

117 3655 212 3707 mus.
229 3625 350 3726 Magni
367 3638 407 3698 ut
423 3624 491 3698 sint
508 3625 649 3725 spiritus
662 3623 823 3702 homines
839 3630 934 3720 volo,
952 3635 1012 3733 qui
1028 3658 1110 3734 pos-

122 3775 159 3824 se
185 3769 223 3818 sc
248 3741 416 3832 credant,
434 3742 530 3843 quod
555 3744 658 3818 multi
677 3759 994 3850 pottierun13posse
1020 3779 1056 3824 se
1071 3779 1109 3824 a·
1192 3828 1196 3832 ,

120 3872 222 3955 tiam,
234 3891 322 3967 quae
339 3861 452 3934 adhuc
466 3865 632 3938 intentata
643 3919 653 3952 ,
664 3893 707 3938 an
727 3881 901 3965 praestare
938 3873 1113 3971 possimus

129 3995 345 4092 ignoramus.
374 3981 578 4104 Diliidentes
607 3988 749 4090 ingenio
766 4004 860 4066 arcet
876 3995 1056 4094 sapientia.
