2790 4872
673 491 831 596 (νυ)

256 649 435 749 magnifice
457 668 636 746 succeptus
658 670 710 722 cst
732 647 884 736 Romae,
908 644 1089 738 Bououim,
1104 647 1232 738 Ticini,

228 800 229 805 =
257 762 435 852 Venetis,
458 783 493 836 et
515 764 713 858 praesertim
736 760 868 836 Patavii
889 787 909 833 a
932 761 1152 834 celeberrimo
1174 763 1233 836 vi·-

254 905 294 950 ro
317 878 369 951 Jo.
393 877 547 976 Baptista
570 862 777 975 Morgagno,
802 877 865 974 qui
888 897 974 948 tunc
997 878 1159 973 temporis
1173 877 1234 950 in·-

254 1014 307 1066 ter
331 995 540 1066 anatomicae
561 995 644 1066 artis
667 992 816 1066 cultores
852 992 1000 1066 maxime
1036 991 1234 1079 eminebat,

252 1131 323 1182 nec.
340 1107 485 1204 quidem
508 1109 690 1184 immerito.

346 1221 422 1294 Hoc
443 1223 560 1320 primo
579 1223 701 1308 itinere
723 1217 1090 1318 confectc,Neapolim
1112 1245 1232 1294 rever-

239 1331 323 1425 tit,
346 1335 466 1434 ibique
488 1360 579 1410 anno
604 1331 718 1422 1666,
739 1333 911 1430 trigesimo
933 1332 1049 1404 aetatis
1058 1355 1148 1419 suae,
1157 1358 1232 1429 pu-

253 1450 347 1524 blico
369 1469 485 1532 exacto
507 1450 770 1546 experimento,
791 1467 833 1520 ut
856 1472 899 1520 ex
922 1472 1043 1538 more,
1064 1447 1109 1520 ad
1131 1446 1232 1520 Ana-

254 1567 378 1636 tomiae
402 1561 609 1636 Cathedram
632 1565 670 1634 in
679 1560 770 1636 alma
783 1582 897 1636 nostra
906 1561 1139 1636 Universitate
1148 1561 1234 1638 Stu-

255 1679 394 1749 diorum
416 1697 554 1752 evectus
576 1696 652 1770 est;
677 1702 784 1777 quam
817 1699 930 1774 usque
964 1675 1010 1748 ad
1041 1694 1235 1748 extremum

252 1792 342 1861 vitae
365 1789 582 1862 curriculum
605 1813 787 1886 nunquam
796 1788 926 1860 dimisit
939 1812 1159 1888 :semperque
1173 1789 1234 1858 in-

178 1947 182 1954 ·
225 1957 234 1968 .
254 1906 312 1992 de,
328 1903 553 2004 quoadusque
575 1906 662 2010 vires
676 1905 884 2002 suppetiere,¹
896 1903 1059 1974 fabricam
1070 1902 1238 1975 illamin-

255 2018 504 2088 tricatissimam
527 2011 673 2090 humani
696 2018 846 2114 corporis
869 2016 1083 2113 explicando,
1093 2017 1236 2114 nonju-
1283 2037 1286 2044 ·

253 2153 433 2204 ventutem
447 2119 697 2204 ¹*tantummodo
721 2132 883 2222 edocuit,
909 2133 1155 2203 verumetiam
1179 2132 1238 2204 vi-

254 2274 308 2318 ros
330 2252 393 2346 qui
416 2275 490 2323 eam
503 2251 604 2320 satius
621 2243 810 2320 callebant:
832 2245 964 2346 quippe
979 2245 1083 2318 illum
1105 2269 1146 2316 ex
1175 2239 1254 2313 ca·-¹

253 2358 377 2432 thcdra
400 2361 579 2435 docentem
612 2361 755 2448 audire,
788 2361 937 2432 naturali
971 2361 1121 2459 quadam
1159 2359 1235 2430 elo-

255 2476 397 2568 quentia
419 2477 457 2546 in
481 2477 705 2548 describendo
727 2475 771 2547 ad
785 2476 992 2548 miraculum
1005 2503 1118 2575 usque
1131 2499 1236 2573 prae-

254 2588 389 2686 ditum,
413 2615 483 2662 non
506 2618 648 2689 parvam
663 2592 862 2690 ¹unicuique
884 2590 1070 2664 utilitatem
1093 2612 1236 2688 porten-
1262 2589 1264 2594 ’

254 2703 379 2778 debat.
405 2706 535 2780 Multas
558 2708 687 2780 scilicet
710 2709 799 2801 ilie,
824 2710 952 2798 varias,
984 2732 1155 2806 novasque
1183 2731 1236 2778 res

253 2839 439 2913 expertus,
463 2821 587 2892 deinde
610 2821 664 2892 his
688 2825 849 2898 omnibus
870 2849 947 2896 suas
961 2823 1121 2894 lectiones
1131 2847 1235 2892 exor-

253 2935 380 3006 nabat:
402 2937 450 3008 ita
472 2956 608 3010 utnon
643 2957 780 3012 tantum
812 2941 1016 3012 anatomiam
1048 2937 1235 3033 descripti-

253 3071 353 3136 V³¹¹¹2
375 3073 496 3122 vetum
519 3055 621 3124 etiam
645 3053 897 3152 pathoiogicam
919 3079 961 3125 ex
983 3053 1059 3148 ejus
1072 3051 1237 3124 lectioni*

252 3155 320 3227 bus
342 3160 441 3234 facile
462 3184 534 3234 emt
556 3165 739 3236 addiscere.
772 3166 889 3264 Atque
926 3166 1062 3236 utinam
1083 3160 1256 3259 'publiea-

253 3274 330 3370 ejus
352 3278 434 3350 artis
456 3278 644 3352 ministeria
667 3303 755 3374 quae
778 3280 815 3351 in
845 3278 938 3363 diem
970 3276 1233 3361 crebescebant,

252 3391 320 3486 ipsi
343 3410 483 3488 tempus.
504 3417 575 3467 non
599 3393 887 3488 intercepissent,
909 3412 951 3468 ut
974 3389 1041 3466 hoc
1063 3407 1135 3464 uno
1157 3387 1233 3462 offi-

254 3507 309 3578 cio
331 3503 595 3602 defungeretur!
620 3505 732 3582 Mirus
765 3505 1094 3604 profectoquotidie
1128 3504 1233 3590 audi-

253 3641 370 3696 torum
393 3644 560 3696 numerus
584 3620 691 3697 videri
715 3633 870 3716 poterat,
890 3620 1006 3716 ipsum
1029 3621 1067 3690 in
1081 3615 1233 3693 Univer-

146 3751 150 3758 '
252 3733 350 3808 situte
372 3729 590 3823 Studiorum,
614 3732 697 3806 hora
720 3733 789 3831 jam
811 3732 968 3808 lectionis
987 3753 1114 3822 exacta,
1130 3757 1237 3826 prae·-

254 3847 610 3945 stciantium3'idque
632 3847 817 3944 aliquando
839 3874 902 3945 per
923 3848 1041 3952 plures
1064 3847 1157 3918 dies:
1193 3867 1237 3924 ut

259 3985 301 4043 ex
323 3985 362 4040 eo
384 3981 516 4066 pateret
549 3964 671 4064 quanti
704 3963 813 4062 ipsius
844 3961 1012 4040 adventus.
1039 3959 1233 4038 haberetun

530 4289 538 4320 l
