2756 4874
520 437 640 536 (⁵9)

104 625 192 702 qnae
217 611 415 678 extrorsum
439 615 705 706 retrorsumque
732 604 762 678 ei
789 603 950 706 adjacet;
992 613 1083 684 ossi·

106 719 190 794 culo
214 745 340 819 nempe
365 723 529 822 utrinque
555 749 788 822 compresso,
814 749 951 798 sursum
993 725 1080 802 lete·

106 841 216 914 acenti
241 841 275 912 in
302 839 394 916 basis
418 839 594 934 sormam,
624 859 729 943 atque
765 845 809 918 ael
844 847 1088 946 recipiendum·

105 957 225 1030 mellei
252 972 356 1058 eaput
383 976 580 1050 excavat03
607 961 774 1038 deorsum
801 963 835 1036 ln
864 965 945 1037 bina
983 991 1084 1038 crura

105 1077 255 1166 diviso,
283 1078 391 1150 altero
406 1081 589 1178 posteriori
629 1065 782 1153 breviori
820 1085 1081 1182 crassiorique,

107 1209 212 1268 acuto
238 1195 310 1268 fine
337 1223 439 1296 supra
456 1199 636 1272 introitum
652 1199 859 1272 cellularum
876 1199 1087 1274 mastoislee·

106 1341 187 1389 rum
216 1315 366 1390 firmiter
392 1315 624 1407 inhaerente,
651 1319 801 1420 longiori
839 1321 949 1394 altero
987 1333 1087 1394 ante·

104 1436 290 1535 riorique,
317 1439 505 1510 manubrio
532 1439 647 1512 mallei
674 1439 854 1542 parallelo,
875 1467 914 1513 ac
939 1467 1087 1542 parum·

108 1582 172 1654 per
198 1556 369 1630 interiori.
388 1559 503 1658 Hujus
529 1561 637 1632 cruris
655 1562 855 1634 extremitas
870 1587 988 1636 versus
1003 1559 1081 1636 lun·

105 1673 190 1746 dum
219 1678 381 1776 tympani
408 1701 580 1767 recurva,
621 1679 809 1751 minimum
844 1681 1083 1756 lenticularis

90 1792 252 1894 formae
279 1797 483 1868 ossiculum
522 1798 696 1884 sustinet,
738 1822 808 1896 quo
846 1797 1088 1874 intercedente

102 1913 241 2011 stepedi
267 1928 319 1986 est
344 1913 535 1986 articulata.
554 1915 627 2006 Qui
652 1928 782 2012 stapes
807 1927 903 1987 reete
927 1913 947 1988 ι’
971 1914 1082 1988 forme

101 2034 333 2123 nominatus,
361 2032 434 2106 basi
462 2047 598 2108 constat
624 2035 746 2126 ovali,
787 2033 832 2106 ad
873 2048 1082 2136 tympanum

102 2135 216 2242 cava,
243 2152 289 2226 ad
316 2154 527 2230 vestibulum
554 2178 739 2246 convexa,
779 2153 965 2228 fenestram
1001 2179 1083 2230 ove·

100 2269 175 2345 lem
201 2268 219 2369 (
247 2297 344 2360 ιιι,
371 2271 474 2370 xvi)
498 2284 578 2370 epte
612 2284 833 2370 occupante,
873 2285 909 2344 et
944 2271 1083 2346 duobus

82 2392 293 2486 eruribus,
322 2419 389 2494 que
414 2419 451 2466 se
476 2392 664 2492 respiciunt
701 2395 869 2478 sulcatis,
907 2391 1081 2467 membre·

100 2537 218 2614 neque
244 2513 338 2586 tenui
366 2513 588 2610 conjunctis,
617 2509 661 2584 ab
686 2513 852 2584 extremis
877 2509 1001 2583 baseos
1026 2532 1084 2583 or-

100 2634 145 2706 tis
165 2663 174 2708 :
205 2657 296 2734 quae
321 2632 479 2732 copulata
505 2630 695 2730 capitulum
712 2630 892 2705 efformeut
910 2657 992 2704 cnm
1008 2629 1084 2704 ten·

100 2753 242 2826 ticulari
268 2778 345 2826 osse
369 2775 584 2824 connexum.
630 2749 750 2824 Ambo
787 2747 873 2822 haec
912 2773 1009 2820 crure
1044 2747 1082 2823 in

103 2873 232 2948 eodem
257 2874 360 2971 plano
385 2884 466 2944 sunt
492 2869 711 2946 horizontali.

204 2991 371 3072 XXXV.
388 2989 627 3064 Ossiculorum
645 3003 763 3062 autem
789 3003 904 3062 motus
929 2988 994 3060 etri
1008 3011 1082 3060 me-

102 3112 199 3188 xime
225 3136 245 3180 a
271 3108 495 3188 membranae
521 3109 680 3210 tympani
706 3107 1084 3207 concussionedepen-

100 3231 181 3306 deat
196 3229 305 3327 (xxxi
318 3229 355 3330 t)
372 3285 382 3320 ,
411 3256 479 3304 nou
506 3256 629 3330 perum
655 3244 771 3304 tamen
788 3257 806 3300 a
822 3229 987 3302 musculis
1004 3225 1093 3329 qni‹¹

101 3352 255 3432 busdam
281 3349 494 3450 adjuvatur,
526 3349 586 3451 qui
624 3352 669 3424 ab
688 3347 827 3430 ,eudem
861 3349 1083 3424 membranae

103 3476 263 3576 tympani
292 3472 473 3571 impulsu,
501 3474 635 3546 ratione
671 3470 756 3546 alibi
790 3471 995 3544 declaranda
1038 3471 1083 3546 ed

102 3609 241 3668 molum
267 3593 403 3666 invitati
429 3606 521 3666 sunt.
552 3589 679 3666 llalleo
707 3595 836 3666 etenim
863 3595 979 3692 primo
1001 3619 1082 3666 mu·

103 3715 220 3790 sentus
246 3713 348 3790 datus
373 3727 424 3786 est
449 3714 642 3804 minimus,
670 3713 821 3811 soloque
838 3711 986 3786 Foliano
1003 3737 1084 3812 pro·

105 3835 247 3922 cessari,
275 3861 354 3908 cum
380 3859 450 3934 quo
474 3831 650 3920 decurrit,
678 3827 920 3920 famulandus3
937 3843 1013 3902 tum
1029 3832 1083 3904 in·

104 3957 237 4058 sigoior
263 3954 350 4030 alter
374 3951 524 4034 tributus
550 3964 624 4044 est,
652 3953 712 4050 qui
737 3952 774 4026 iu
790 3949 1086 4027 canaliculocol·
