2756 4874
739 473 856 570 (⁸⁶)

280 663 413 756 cogunt
438 670 514 721 esse
542 645 753 737 latendum,
783 656 843 718 aut
868 643 998 718 scalam
1029 647 1186 745 tympani
1205 649 1268 720 ra·

281 799 390 848 cuum
416 771 571 870 spatium
597 763 678 842 satis
706 767 897 855 obtinere,
925 791 995 867 qno
1022 791 1123 866 saepe
1161 765 1270 841 adve-

280 895 469 980 nientem,
496 915 560 989 per
586 884 753 963 vestibuli
782 884 939 973 scalam,
968 911 1100 958 novum
1140 882 1269 968 bumo-

281 1037 358 1088 rem
383 1011 548 1110 recipiat,
577 1007 672 1108 quod
698 1011 842 1082 omnino
869 1003 1117 1103 impossibile,
1145 1031 1185 1078 ac
1202 1002 1267 1077 ial-

278 1155 362 1204 sum
388 1145 468 1217 est;
495 1141 555 1200 ant
580 1129 608 1199 si
634 1125 737 1226 plena
763 1141 835 1199 tota
862 1139 944 1214 est,
971 1139 1012 1196 ut
1037 1123 1181 1224 quidem
1198 1139 1271 1215 est,

279 1245 437 1322 humoris
463 1273 534 1349 quo
561 1261 663 1319 antea
689 1245 904 1342 replebatur,
935 1267 1015 1340 per*
1039 1241 1182 1342 aliquod
1209 1240 1267 1314 di·

279 1365 521 1453 verticulum,
550 1379 686 1465 partem
714 1367 867 1466 aliquam
901 1377 999 1438 extra
1024 1391 1060 1437 se
1103 1360 1273 1436 dimissu-⁴

279 1515 385 1580 rem,
412 1501 451 1561 ut
479 1513 575 1564 novo
612 1483 814 1563 advenienti
847 1481 990 1560 humori
1026 1485 1145 1559 locum
1183 1509 1271 1556 con·

278 1606 405 1682 cedat.
958 1613 961 1618 “

380 1727 462 1798 LV.
491 1724 584 1798 Cum
612 1725 723 1826 igitur
748 1739 857 1800 totam
885 1725 1078 1826 labyrinthi
1120 1750 1269 1800 caveam

277 1843 429 1919 humore
469 1846 613 1919 omnino
650 1844 802 1944 repleri,
841 1871 945 1944 snpra
972 1843 1135 1944 (xm)
1161 1845 1208 1916 sit
1250 1871 1271 1916 a

278 1963 381 2050 nobis
404 1963 688 2039 demonstratum
715 2017 726 2052 ,
753 1963 930 2064 reliquum
960 1962 1104 2038 omnino
1132 1951 1200 2050 est,
1228 1975 1271 2033 ut

279 2083 324 2156 ad
351 2109 537 2157 nervorum
563 2081 753 2182 labyrinthi
770 2098 1004 2184 opportunam
1022 2073 1270 2184 agitationem}

278 2206 357 2282 viae
381 2203 628 2303 alabyrintho
655 2204 749 2294 sint,
778 2230 838 2302 per
863 2229 952 2306 quas
986 2215 1173 2278 contentus
1199 2198 1271 2272 hu-

278 2347 359 2397 mor
385 2327 515 2421 partim
542 2322 751 2413 derivatus,
780 2325 935 2420 spatium
960 2323 1101 2398 residuo
1125 2320 1232 2392 faciat
1257 2371 1272 2410 ,

177 2432 182 2444 ‘
276 2439 314 2512 in
340 2442 450 2540 quod,
479 2469 673 2517 nervorum
689 2441 904 2518 tremoribus
927 2445 1138 2544 obsequens,
1157 2453 1270 2512 trans·

278 2557 412 2634 feretur
454 2615 464 2632 .
495 2561 560 2634 Cui
592 2561 738 2662 quidem
777 2564 973 2636 necessitati
1013 2567 1101 2636 adeo
1143 2599 1273 2646 unam

276 2688 487 2783 prospexit,
514 2697 552 2756 ut
577 2711 645 2757 non
673 2712 804 2772 unam,
835 2685 896 2758 sed
923 2685 1009 2760 duas
1028 2684 1148 2760 hercle
1176 2692 1268 2780 vias,

280 2829 299 2874 a
325 2802 516 2904 labyrinthi
543 2831 646 2880 cavea
672 2808 892 2896 deduxerit,
928 2833 1020 2910 quae
1037 2806 1118 2884 hnic
1145 2836 1271 2908 snper-

279 2925 353 2998 fluo
378 2923 520 3000 humori
555 2929 758 3004 revehendo
798 2930 999 3030 aptissimae
1026 2944 1131 3004 sunt.
1175 2934 1271 3008 Nam

281 3044 399 3134 sieut,
426 3044 472 3118 ad
498 3045 775 3122 commovendos
817 3048 986 3120 vestibuli
1024 3073 1174 3140 nervos,
1203 3077 1268 3125 ne·

281 3167 429 3242 cessaria
471 3193 514 3242 ex
556 3167 660 3268 hujus
685 3197 772 3243 cavo
813 3167 972 3242 humoris
1014 3187 1089 3244 erat
1131 3170 1270 3247 deriva-

280 3291 332 3364 tio
358 3289 464 3388 (err
480 3289 519 3389 ),
548 3293 596 3363 ita
623 3292 718 3365 viam
744 3318 764 3364 a
790 3291 972 3366 vestibulo
1020 3290 1105 3364 fecit
1130 3292 1174 3364 ad
1219 3295 1268 3366 si·

279 3389 573 3484 num'tateratem
599 3412 803 3511 proximum
829 3409 941 3483 durae
983 3412 1105 3494 matris
1145 3413 1270 3504 termi-

279 3541 400 3614 natam
424 3582 436 3616 ,
464 3555 528 3628 per
553 3555 659 3626 quam
686 3528 777 3602 miro
805 3530 953 3602 artihcio
973 3527 1178 3631 superfluus
1203 3527 1270 3602 hu·

277 3676 359 3726 mor
385 3661 607 3731 exoneratur.
634 3652 733 3725 Hanc
757 3675 845 3738 noe,
872 3650 917 3724 ab
958 3676 1048 3752 aqna
1075 3675 1119 3724 ex
1158 3653 1272 3729 vesti-

276 3770 363 3846 bulo
389 3769 611 3860 evehenda,
641 3770 818 3844 vestibuli
844 3771 1125 3871 aquaeductum
1153 3771 1273 3844 nomi·

261 3884 440 3964 'ravimus
489 3885 813 3992 (1),.Pariterque
852 3899 1010 3964 summae
1050 3890 1269 3990 prospiciens
1370 3959 1371 3962 ,

279 4009 504 4087 derivationis
530 3991 732 4088 necessitati
756 4039 774 4084 a
800 4011 960 4113 tympani
987 4009 1078 4086 scala
1105 4008 1291 4111 (ων),ι
