2756 4874
521 401 642 498 (95)

92 589 181 663 tor,
212 577 309 674 cujus
334 574 449 676 paries
474 574 649 676 posterior
670 567 778 648 'valde
793 575 859 650 sub
885 577 970 652 durn
997 607 1072 654 ma·

88 714 140 771 tre
167 719 276 798 saepe
301 693 487 787 elevatur,
526 710 561 769 et
592 697 691 792 cujus
717 694 763 768 ab
801 701 966 772 extremis
1004 700 1073 772 fre·

83 830 233 920 quanter
257 815 439 890 teudineas
465 816 552 890 dora
594 829 707 888 mater
749 815 857 890 fibras
894 817 1074 910 deducit,

82 959 173 1036 quae
200 932 450 1010 columnarum
477 933 591 1009 forma
617 935 744 1006 rimam
764 939 948 1011 sustinent.
980 939 1075 1012 Hinc

84 1051 148 1123 sub
178 1077 217 1124 ea
244 1053 400 1150 primurn
427 1049 683 1132 incidendum,
724 1049 917 1124 directione
956 1054 1075 1130 eidam

86 1168 282 1270 parallelo,
308 1169 470 1244 deindea
487 1170 608 1244 medio
634 1169 762 1270 prioris
788 1169 1076 1246 incisuraedeor-

84 1315 163 1360 sum
190 1287 437 1362 dissecandum
466 1285 563 1385 (x);
594 1285 642 1360 ita
668 1309 752 1362 vero
779 1300 818 1360 ut
843 1299 989 1388 utraque
1007 1289 1077 1360 dis·

88 1409 199 1480 sectio
226 1405 271 1479 ad
297 1408 386 1482 ossis
411 1405 634 1506 superficiem
660 1431 773 1506 usque
799 1429 869 1480 non
895 1421 1070 1506 penetret,

92 1525 154 1599 sed
180 1529 218 1601 in
246 1528 324 1628 ispo
350 1511 557 1626 permaneat
581 1525 807 1600 membranae
848 1529 1071 1604 meditullio.

86 1645 181 1720 Nam
207 1645 377 1721 lateribus
402 1644 573 1717 incisurae
600 1645 744 1718 elevatis
768 1643 853 1745 (y),
880 1649 1007 1720 cavitas
1035 1649 1075 1722 fit

87 1763 275 1840 manifesta
297 1761 515 1866 lymphatico
540 1759 689 1837 humore
715 1765 947 1839 madescens:
977 1767 1074 1865 cujus

84 1885 234 1988 quidem
257 1884 405 1983 vestigia
442 1883 575 1983 absque
614 1883 685 1958 ulla
725 1888 1073 1989 possenttincisiouc

85 2005 289 2108 cognosci,
318 2003 426 2078 modo
452 2002 580 2078 indicis
605 2029 695 2103 apex
721 2005 787 2078 sub
829 2006 917 2080 rima
945 2009 1076 2108 (arx)

90 2125 285 2228 paullulum
316 2139 550 2200 exerceretur.
579 2123 658 2198 Hoc
683 2125 778 2198 enim
795 2127 943 2200 artificio
960 2127 1077 2201 dimo·
1204 2167 1208 2178 .

85 2247 161 2322 reri
189 2249 282 2318 inter
308 2269 345 2316 se
370 2243 516 2318 laminas
541 2243 649 2316 durae
678 2241 829 2333 matris,
858 2243 906 2317 ob
944 2245 1075 2318 carita·
1190 2244 1194 2254 '

91 2381 164 2442 tem
192 2368 421 2466 interceptam
448 2364 634 2438 sentimus.
662 2360 770 2456 Quod
796 2365 826 2436 si
851 2389 1005 2468 eousque
1029 2365 1075 2438 li·

90 2487 204 2560 euerit
230 2483 401 2559 calvariae
426 2482 540 2556 basim
565 2480 652 2555 dura
677 2495 793 2556 matre
817 2479 978 2559 indutam
998 2510 1070 2560 ser·

90 2631 206 2695 vare,
236 2617 274 2676 ut
313 2601 521 2676 membrana
564 2598 649 2672 baec
684 2601 829 2700 incipiat
868 2603 1077 2697 exsiccari,

91 2721 239 2824 pulchre
265 2723 423 2824 prolecto
459 2721 645 2820 apparebit
674 2774 686 2811 ,
727 2723 954 2796 crescentiam
994 2721 1077 2800 huic

89 2843 198 2932 loco,
228 2844 281 2928 cui
310 2840 649 2943 caritas-supposita
676 2853 757 2931 est,
787 2863 864 2914 sero
890 2842 996 2916 nimis
1019 2869 1079 2920 ac·
1122 2899 1125 2906 ,

88 2963 229 3040 cedere.
258 2962 366 3036 Color
392 2965 521 3034 etenim
546 2961 774 3034 membranae
800 2961 938 3038 albidus
957 3019 966 3054 ,
985 2991 1074 3066 quo,

93 3112 175 3160 cum
201 3081 349 3156 humida
377 3095 441 3166 est,
469 3081 689 3180 perfruitur,
730 3082 860 3182 quique
886 3110 905 3156 a
931 3085 1075 3190 reliquia·

91 3202 179 3277 locis
204 3206 276 3302 jam
308 3199 469 3274 arefactis
495 3199 674 3291 decessit,
709 3196 905 3274 diutissime
947 3205 982 3278 in
1008 3202 1076 3282 boc

89 3322 318 3398 membranae
360 3320 438 3394 loco
463 3319 660 3420 perdurat.
689 3319 794 3412 Quod
833 3321 1074 3421 indicio-est,

92 3437 280 3514 humidum
307 3439 342 3510 in
370 3435 462 3530 bac,
488 3463 571 3538 prae
596 3438 742 3538 reliquis
768 3435 876 3513 durae
899 3437 1076 3518 membra-

94 3585 153 3632 nae
178 3556 371 3662 partibus,
397 3543 554 3632 maxime
580 3551 778 3658 suppetere.
805 3557 865 3632 Sic
891 3585 974 3638 cum
1001 3589 1075 3640 ossa

99 3689 276 3778 petrosa,
304 3676 442 3778 integro
485 3677 593 3752 durae
617 3674 741 3750 matris
766 3676 973 3756 indumento
998 3680 1079 3764 diti,

141 3945 187 4036 (x)
210 3903 296 4018 Tib·
326 3967 358 4014 a.
384 3955 429 4011 tt.
597 3943 656 4035 lt)
679 3899 766 4010 Ibit.
783 3965 852 4026 nu,
897 3933 899 3940 ’
