2756 4874
109 581 194 652 riam
217 577 322 655 olium
346 579 392 653 ab
434 605 474 654 ea
500 580 581 656 iecit
616 556 802 671 exorriiri,
829 605 920 682 quae
946 585 982 654 in
1009 581 1082 654 cal·

108 701 215 774 variae
241 728 327 777 cavo
353 704 588 801 putentissimo
616 699 796 801 apertione
840 705 1077 775 terminatur.

109 821 201 894 Hauc
224 847 244 894 a
271 821 466 898 derivando
493 835 587 898 extra
603 821 783 894 cochleam
810 820 980 908 humore,
1008 847 1080 922 quo

108 937 184 1011 haec
207 941 387 1038 repletur,
415 941 597 1020 cochleae
623 943 906 1044 aquaeductum
933 941 1086 1042 uppeiiu·

108 1058 215 1132 vimus
241 1061 315 1160 (r).
345 1061 508 1151 Quorum
534 1085 617 1135 sune
643 1059 927 1161 aquaeductuum
956 1059 1086 1150 unliu-

108 1181 132 1250 ti
156 1183 424 1284 necessitatique
449 1183 771 1268 demonstrandae,
808 1181 992 1284 oportebat
1034 1179 1089 1252 di·

111 1313 159 1372 ctu
183 1300 259 1399 (rr
292 1302 338 1376 ad
363 1331 436 1382 nrv
462 1306 478 1405 )
503 1308 747 1404 praemisisse.
777 1302 971 1404 Reliquum
1011 1327 1089 1375 ruo-

109 1418 151 1490 do
174 1422 287 1522 igitur
314 1438 389 1513 est,
416 1437 456 1498 ut
481 1425 524 1500 de
549 1427 633 1524 ipsis
671 1423 879 1527 singillatim
921 1420 1088 1494 edissera-

111 1561 234 1614 mus.'
1064 1561 1069 1568 ·

203 1659 368 1735 mu
409 1661 575 1738 vestibuli
619 1662 786 1764 incipiam
828 1660 1082 1764 aquaeductu,

112 1783 201 1880 eujus
227 1784 458 1882 compositior
484 1782 648 1870 fabrica,
677 1796 712 1854 et
737 1781 1080 1884 longespectubiiior

110 1899 210 1974 formo
237 1916 305 1976 est.
350 1903 463 2004 Hujus
490 1907 591 2004 origo
635 1904 680 1976 ab
706 1929 747 1975 eu
792 1915 843 1976 est
880 1903 1084 2004 posterioris

112 2013 268 2098 vestibiti
297 2027 455 2100 caritatis
478 2026 607 2125 (xxvr
630 2025 646 2122 )
669 2025 871 2116 foramine,
890 2023 985 2123 quod
1011 2025 1085 2123 pri·

111 2164 203 2228 tuus,
231 2145 300 2216 nisi
326 2145 450 2235 iiiior,
489 2147 580 2216 inter
617 2145 801 2230 cavitatem
844 2141 1008 2219 veaibuti
1033 2170 1092 2215 or·

113 2259 328 2358 himinum,
357 2282 394 2339 et
418 2264 547 2340 canolis
573 2265 775 2338 communis
801 2265 997 2350 orificium,
1025 2262 1088 2336 de-

113 2386 241 2484 scripsit
268 2402 303 2460 ot
330 2388 446 2486 pinxit
473 2384 746 2460 Cuseebohmius
772 2385 854 2486 (m)
886 2383 1004 2458 Nemo
1028 2398 1082 2457 tu-

114 2528 188 2578 men
212 2523 273 2582 uut
297 2505 535 2607 diligentius,
562 2519 622 2576 aut
648 2506 789 2588 verius,
817 2507 890 2602 ejus
932 2505 1088 2604 figuram

115 2636 145 2695 et
166 2627 367 2702 offertiones
393 2641 626 2728 prosequutus
653 2640 704 2698 est
726 2652 832 2728 quam
861 2623 919 2698 lii.
949 2627 1093 2726 Morga-

115 2771 222 2842 gnus,
259 2751 345 2848 qui‚
383 2747 495 2822 indito
538 2743 991 2846 cavitatis'aalcrfformts
1027 2771 1091 2818 nu·

115 2869 215 2959 mine,
242 2869 311 2944 hoc
336 2868 491 2962 foramen
518 2869 726 2968 designavit.
745 2865 808 2940 Sic·
827 2873 926 2943 enim
953 2867 998 2940 <te
1025 2893 1089 2959 eo,

113 2983 165 3060 hic
188 2969 483 3062 Auutomicorum
513 2987 683 3088 princeps,
713 3001 791 3084 post
822 2991 1008 3062 recensitus
1026 3013 1089 3060 ro»

115 3099 218 3204 liquos
241 3106 407 3180 vestibuli
422 3103 579 3196 uoveas,
608 3108 798 3179 memoriae
823 3105 972 3180 tradidit
992 3133 1003 3194 3
1033 3107 1092 3208 (a)

117 3223 225 3300 iibens
253 3227 315 3302 iric
340 3233 545 3302 omitterem
571 3233 721 3300 tertiam
748 3229 954 3328 quamdam
979 3235 1094 3304 oesti-

118 3343 187 3420 buii
213 3355 440 3442 cavitatem,
468 3354 543 3420 uiri
567 3349 621 3421 ad
632 3345 843 3450 foraminis
870 3351 1093 3450 descriptio

117 3487 189 3542 nem
215 3476 408 3557 attineret,
432 3495 477 3544 ea
491 3474 618 3544 minas
632 3472 969 3570 praetermittendi,
989 3473 1094 3574 quod
1166 3561 1169 3566 Ι

511 3643 694 3662 m

157 3735 212 3826 (m)
233 3729 305 3800 Lib.
332 3736 385 3800 cit.
410 3725 517 3800 Tract.
531 3731 572 3799 V.
664 3683 696 3799 ir.
722 3737 775 3828 fig.
804 3762 855 3807 ru.
879 3743 925 3809 tit.
951 3741 974 3809 l.
1081 3835 1084 3843 Ι

195 3849 224 3931 §.
266 3843 341 3912 216.
366 3867 398 3933 p.
438 3867 480 3912 m.
521 3867 572 3938 19.
620 3847 667 3934 (n)
694 3845 833 3940 Epistola
875 3855 968 3922 Anat.
1006 3853 1090 3924 Xi'i.

198 3950 280 4024 Tau.
310 3953 346 4036 a..
369 3950 420 4041 ες.
447 3953 479 4017 a.
521 3951 568 4017 u.
646 3989 649 3996 .
664 3957 693 4040 ς.
721 3959 752 4024 5.
775 3981 807 4047 p.
833 3983 877 4026 m.
901 3959 976 4054 329.
1076 3978 1083 3989 ·
