2756 4874
558 427 697 524 (¹09)

99 599 145 673 de
173 623 244 699 quo
270 609 376 672 restat
404 611 443 672 ut
469 595 614 681 dicam,
642 593 769 669 canalis
797 605 872 686 est,
901 596 961 696 qui
992 623 1010 670 n
1037 597 1090 674 fo·

99 721 237 793 romine
280 719 411 818 patenti
454 743 565 818 prope
601 715 790 789 fenestram
832 717 1017 792 rotundam
1054 719 1090 792 in

101 839 264 937 tympani
292 828 383 909 senio·
410 835 479 937 (f)
506 847 621 908 ortum
651 859 753 908 suum
773 833 920 906 obtinet.
949 834 1025 910 Hoc
1037 837 1098 913 io·.

109 981 234 1029 namen
254 953 351 1028 iilud
377 969 458 1046 est,
486 953 583 1056 quod
599 951 912 1053 primus-omnium
939 952 1094 1056 descript

111 1079 173 1163 sit,
194 1089 230 1147 et
256 1087 378 1148 ornate
402 1074 517 1173 pinxit
542 1071 600 1146 Du
631 1069 816 1169 Verneyus
842 1069 900 1170 (g)
917 1097 926 1144 ε
946 1075 985 1142 in
1002 1077 1094 1170 insc-

108 1199 204 1266 rior·i
229 1191 410 1266 cochleae
434 1206 561 1266 meatu
586 1204 725 1288 patens
743 1183 1089 1287 propefcneotram

104 1313 341 1387 rotundam:
370 1311 539 1413 quodque
555 1309 713 1410 frurtra
738 1331 930 1407 sempera
958 1308 1095 1386 Volso}-

8 1519 9 1526 .
107 1457 152 1505 vn
181 1426 242 1528 (h)
270 1438 510 1528 qrtaest'tum,
538 1429 788 1517 confirmarit,
817 1427 1021 1527 descripsit,
1039 1456 1098 1506 or·

106 1548 294 1645 nouusque
308 1547 424 1646 pinxit
439 1545 708 1621 Cassebohmius
725 1571 736 1634 3
754 1550 794 1618 in
810 1554 982 1649 tympani
998 1575 1096 1624 nam-

108 1691 177 1768 quo
202 1667 348 1756 scala,
376 1691 452 1739 non
478 1668 615 1766 procui
640 1693 665 1739 a
680 1663 857 1766 fenestra
896 1671 1095 1766 rotunda,

105 1786 319 1890 foramen,
347 1788 485 1888 inquit,
513 1792 686 1886 conspici
710 1789 781 1888 (i)
808 1789 863 1863 Cl.
894 1815 975 1864 vero
1002 1793 1099 1868 Mor·

108 1933 278 2008 gagnus,
307 1909 406 2003 cujus
432 1935 500 2008 ego
525 1908 650 1998 iidem,
677 1922 782 2008 atquo
799 1909 1009 1986 industriam
1024 1937 1100 1988 mn·

110 2027 199 2098 nimi
227 2023 368 2124 quidem
395 2050 561 2126 semper,
587 2025 790 2128 meritoque
809 2027 924 2102 tacere
951 2053 1102 2104 consue-

110 2145 173 2236 ri,
203 2171 273 2218 non
299 2146 416 2224 minus
440 2147 600 2247 ingenue
624 2146 736 2220 iussus
758 2159 876 2232 estse
899 2155 942 2221 in
969 2175 1018 2224 ea
1035 2154 1100 2224 de-

109 2272 342 2365 pressione,
370 2292 473 2368 quae
500 2291 702 2340 occurrere
726 2267 844 2341 solita
882 2284 939 2341 est
979 2295 1100 2370 prope

96 2400 323 2484 fenestram
361 2386 569 2460 rotundam
594 2388 631 2460 in
669 2387 827 2488 tympani
866 2389 988 2480 sonia,
1033 2409 1102 2468 aut

108 2533 235 2607 propo
258 2514 384 2606 ipsam
407 2505 675 2616 ¹depressionem
701 2505 900 2604 peculiare
913 2513 1102 2608 foramen

111 2643 331 2704 monstrare.
353 2649 490 2723 porse,
517 2630 557 2698 in
596 2621 769 2724 pluribus
807 2625 942 2725 saltem
960 2627 985 2718 ,'
1000 2653 1101 2730 quar

111 2745 302 2822 seruabat
330 2744 518 2837 auribus,
545 2771 621 2820 non
647 2745 854 2824 vitulorum
881 2749 1014 2836 modo,
1042 2766 1104 2826 ot·

113 2893 189 2969 que
216 2891 432 2968 agnorum,
460 2851 693 2968 quamquam
709 2870 747 2940 in
775 2865 833 2940 tas
860 2868 1100 2972 manifestius

115 3004 248 3078 essct,
279 3003 348 3060 aut
373 2994 607 3062 nootmestria
632 2985 789 3062 humani
806 2986 938 3080 fetus,
966 2995 1100 3068 ueram

117 3115 235 3183 ctiam
261 3109 480 3184 adultorum
506 3108 692 3186 hominum
718 3110 801 3210 (k).
818 3110 946 3187 Nescio
974 3128 1096 3190 autom

117 3254 193 3330 quo
219 3225 289 3302 sato
315 3227 358 3304 iis
384 3227 506 3308 officiis
546 3226 613 3302 hoc
640 3229 800 3306 foramen
841 3235 894 3304 tot
930 3230 986 3304 ct.
1015 3233 1099 3310 virt

518 3400 697 3428 m

122 3551 166 3640 (i)
188 3545 273 3616 Tab.
306 3550 393 3646 μᾶς.
418 3548 487 3643 tp.
507 3549 560 3644 fig.
653 3551 686 3620 3.
712 3553 1010 3650 §.15.p.m.3a;¹

169 3661 200 3725 5.
228 3661 251 3725 f.
610 3664 647 3754 (i)
671 3661 741 3728 Lib.
762 3663 907 3730 cittract.
928 3663 959 3729 5.
977 3663 1093 3760 §.1990

126 3769 179 3862 (g)
202 3765 274 3835 Lib.
302 3773 592 3862 cit.part.1.'pog.
661 3773 724 3837 tab.
751 3773 783 3839 5.
808 3773 859 3863 fig.
887 3777 919 3838 8.
947 3797 975 3839 a.

169 3900 219 3942 ro.
249 3877 345 3948 Tab.·
371 3880 577 3970 to.iig.‘8.b.
624 3879 673 3970 (lt)
697 3877 799 3972 Epist.
825 3877 910 3947 anate
938 3865 1027 3948 XII.
1068 3885 1101 3974 ς.

105 4024 130 4060 .·;
162 3983 357 4078 >lt-nun
377 3988 615 4086 Humaoa‘cap·
683 3987 736 4058 60.
763 4013 796 4080 p.
821 4009 864 4056 rm
891 3981 971 4080 3'77.
1003 4020 1006 4031 ·
1039 4020 1043 4035 ·
1170 4084 1172 4090 Ι
