2756 4874
718 401 832 494 (⁶⁰)

269 533 411 669 lncatus
426 579 589 680 tympani
614 573 761 652 fundum
788 596 890 672 supra
914 571 1094 644 introitum
1128 563 1257 638 Eusta-

232 714 241 722 ''
270 705 416 782 chlaoae
441 697 546 774 tubae
571 709 791 794 occupante,
816 688 996 765 tendinum
1020 715 1122 764 suum
1138 687 1183 763 ad
1198 707 1255 758 re·

271 841 370 907 ctum
395 845 506 925 prope
532 816 704 920 angulum
730 812 776 896 ad
800 811 978 888 manubrii
1007 810 1117 884 mittit
1141 807 1253 907 origi,-
1369 887 1370 928 ,

271 969 369 1028 nom.
395 944 445 1016 Et
468 939 556 1031 hic,
582 961 690 1040 quem
709 931 984 1008 Eustachianum
1008 928 1053 1001 ab
1069 929 1254 1004 inventore
1369 933 1370 1008 ἶ

269 1065 450 1144 norninant
474 1056 637 1159 agendo,
665 1053 886 1142 manubrium
903 1050 1022 1128 mallei
1037 1073 1160 1126 versus
1172 1047 1256 1122 iun·

271 1180 361 1259 dum
386 1176 551 1254 vestibuli
578 1177 747 1266 adducit,
765 1187 800 1252 at
827 1187 931 1274 caput
956 1169 1114 1268 ejusdem
1131 1194 1260 1246 vorans

271 1313 429 1378 meatum
454 1299 668 1376 auditorium
689 1309 786 1374 rotat
807 1295 959 1399 (xxxiv)
978 1348 990 1386 ,
1007 1309 1048 1368 ut
1071 1305 1259 1392 propterea

272 1449 345 1502 non
369 1424 548 1501 immerito
574 1434 776 1494 rotatorem
800 1417 932 1494 matter·
968 1415 1095 1491 soleam
1135 1417 1256 1490 nomi·

269 1569 367 1622 nare,
395 1542 511 1642 Caput
536 1539 696 1641 ejusdem
722 1538 810 1614 ossis
846 1537 934 1612 dum
960 1550 1158 1610 extrorsum
1196 1533 1259 1608 ur-

273 1674 402 1764 getur,
430 1659 543 1734 basim
568 1658 704 1734 incudis
730 1658 797 1732 sibi
821 1681 1017 1732 connexam
1042 1682 1164 1733 secum
1188 1673 1260 1733 tra·
1371 1659 1372 1676 ¹

269 1781 356 1873 hir,
381 1809 469 1884 quae
495 1807 565 1855 uuo
591 1780 684 1854 cruri
710 1781 858 1854 firmiter
899 1782 1060 1854 insistens
1090 1784 1261 1884 (xxxxv)

215 1903 219 1910 ’
272 1929 387 2005 eoque
413 1902 632 2002 posteriori,
660 1901 829 2007 rotatorio
870 1903 964 1976 circa
1001 1903 1116 2003 ipsum
1158 1917 1263 1977 motu

274 2025 424 2124 agitur,
450 2036 485 2095 et
508 2024 557 2096 ita
581 2049 659 2098 crus
684 2021 779 2095 alind
805 2021 930 2096 malleo
957 2021 1163 2121 parallelum
1193 2048 1262 2102 ¹ur-

273 2158 336 2244 get
361 2167 481 2217 versus
506 2141 672 2216 eumdem
697 2144 856 2242 tympani
881 2140 1045 2215 undum.
1086 2141 1145 2216 Sic
1181 2142 1260 2215 len·

273 2263 422 2340 tentare
448 2259 639 2338 ossiculum
665 2269 749 2336 com¹
776 2264 911 2364 reliquo
937 2260 1079 2360 stapede
1113 2275 1263 2362 urgetur

276 2380 471 2456 directione
495 2404 604 2480 prope
644 2379 863 2456 horizontali.
903 2377 1046 2456 Verom-
1077 2383 1265 2460 musculus

178 2485 180 2499 ¹
273 2500 362 2576 alter
386 2499 521 2599 stapedi
545 2500 646 2576 datus
671 2517 738 2595 est,
767 2504 829 2600 qui
855 2502 1024 2600 peculiari
1040 2504 1176 2580 clausus
1195 2534 1253 2582 ca·

275 2620 428 2708 naliculo
454 2633 533 2694 ante
558 2622 815 2726 aquaeductum
846 2621 997 2724 Fnllopii
1038 2650 1102 2724 per
1140 2643 1259 2726 poste-

275 2745 406 2816 riorem
430 2745 587 2842 tympani
616 2756 750 2842 partem
765 2740 1033 2817 descendentem
1047 2743 1264 2845 posito,ten·

277 2862 399 2937 dinem
424 2867 554 2939 emittit
584 2889 646 2964 per
671 2862 830 2937 medium
855 2877 1046 2937 exeuntem
1064 2891 1183 2942 osseae
1198 2893 1265 2965 pa·

276 2983 454 3086 pilurlae,
478 2988 516 3060 in
540 3011 609 3087 qua
634 2984 696 3058 ille
721 2985 849 3058 desiuit
874 2985 1009 3059 canalis·
1041 3011 1152 3087 prope
1194 3015 1266 3090 po·

166 3189 172 3200 ¹
273 3108 458 3181 steriorem
473 3118 622 3205 partem
647 3107 758 3205 pelvis
772 3105 942 3182 fenestrae
957 3108 1080 3182 oralia,
1100 3111 1170 3202 Qui
1186 3123 1266 3185 tem

278 3222 326 3298 do
350 3223 495 3328 oblique
521 3242 717 3302 extrorsum
742 3229 861 3329 primo
885 3228 1112 3320 decurrit,·ac
1138 3245 1269 3332 postea·

278 3343 434 3442 capitulo
459 3345 611 3444 stapedis
635 3348 808 3446 posterius
831 3349 993 3451 infigitur
1032 3350 1090 3422 ad'
1116 3363 1267 3427 acutum

219 3510 224 3522 ι
280 3462 451 3564 angulum
475 3465 677 3543 introrsum.
707 3465 799 3546 Hinc
824 3467 911 3544 dum
936 3473 1073 3545 actione
1097 3498 1159 3546 sua
1199 3471 1267 3552 hic·

281 3583 463 3658 musculus
486 3583 672 3688 fungitur,
697 3588 889 3663 introrsum
914 3602 1178 3694 retrorsumque
1193 3607 1270 3668 sta-

281 3701 412 3802 pedum
437 3704 560 3804 agitat.
589 3705 671 3797 Quo
695 3707 752 3799 fit,
764 3720 810 3781 ‘ut
824 3733 902 3809 pars
919 3708 1270 3810 posteriorejusdem

282 3817 378 3894 basis
401 3822 440 3898 iu
465 3820 687 3900 vestitutum?
705 3826 836 3916 intret,
864 3832 1019 3904 anterior
1052 3827 1224 3927 latiorque
1251 3847 1272 3895 a

283 3956 448 4022 contactu
473 3948 642 4050 marginis
666 3949 834 4028 fenestrae
858 3949 970 4032 oralia
987 3950 1137 4026 minime
1153 3947 1271 4026 disce·
