2790 4872
598 495 704 600 (v)

162 655 239 750 diis,
256 655 376 758 quibus
399 655 549 728 animum
572 651 762 754 adjecerat,
791 653 938 752 appnrnn
961 651 1141 750 imponde·

159 776 248 847 rint.
276 773 363 847 Hine
388 773 572 846 studiorum
596 774 670 870 ejus
694 771 814 866 initia,
840 799 924 874 qune
948 771 989 844 nd
1014 797 1140 844 aurnum

165 893 263 993 1756
287 906 319 964 et
352 893 421 992 ipse
453 893 649 984 constituit,
684 888 882 972 ducuntur,
909 904 942 964 et
976 917 1060 990 quae
1094 889 1140 962 nd
1182 928 1191 949 a

157 1025 346 1086 extremum
383 1036 489 1112 usque
525 1010 647 1104 diem,
673 1010 788 1083 eadem
823 1037 953 1110 semper
992 1009 1140 1084 alacrita-

154 1143 223 1223 te,
251 1129 436 1231 eodemque
472 1111 550 1204 artis
575 1151 652 1203 sune
691 1129 919 1230 provehendae
944 1129 1134 1224 desiderio,

158 1264 376 1350 persequutus
403 1262 482 1324 est.

226 1369 405 1468 improbus
421 1373 455 1444 in
477 1369 691 1445 cadaveribus
706 1369 902 1444 dissemnffis
918 1368 1037 1458 iabou
1066 1383 1140 1441 tum

161 1490 194 1561 iu
221 1493 413 1574 anatomicis
443 1489 726 1592 disquisitionibus
757 1517 886 1589 semper
920 1517 1006 1562 nova
1041 1492 1140 1562 vesti·

159 1609 295 1708 gando;
322 1610 475 1708 musena
500 1637 542 1683 ex
574 1609 834 1710 putrescentibus
859 1607 1018 1680 membris
1042 1609 1142 1680 nrias·
1212 1613 1215 1618 '

160 1741 280 1816 meta3
332 1727 530 1828 tabidusque
556 1754 613 1801 ner
654 1727 851 1804 Nosocomii
894 1725 952 1799 sbi
987 1739 1078 1800 arcto
1104 1752 1139 1798 se

159 1845 319 1920 eubiculo
355 1845 534 1921 cohibebat
573 1847 786 1935 Cotrnnuirrs3
824 1844 939 1920 crebra
976 1859 1145 1943 praetenue

157 1967 355 2068 pervigilia,
381 1965 702 2068 commodorumque
726 1969 792 2040 fere
813 1968 963 2042 omniurn
985 1968 1139 2068 ‚quibus

159 2089 229 2163 vitu
257 2089 444 2188 sanitasque
470 2087 719 2181 servari'suiet,
760 2087 929 2185 pennus(
955 2115 1060 2188 quum
1078 2115 1142 2160 nee

166 2207 300 2280 modico
326 2207 464 2308 quidem
490 2207 594 2280 victui
618 2221 719 2280 tenue
743 2203 824 2280 iilrid
848 2208 940 2308 quod
974 2223 1142 2304 acceperat

158 2326 376 2424 stipendium,
391 2339 577 2424 suppeteret
593 2323 608 2425 )
627 2352 644 2413 3·
666 2325 750 2400 adeo
774 2323 906 2398 tandem
923 2326 994 2424 ejus
1015 2323 1140 2398 valetu-

159 2447 276 2518 dinem
293 2445 555 2538 iabefactnruut,
584 2459 622 2519 nt
646 2445 787 2522 detenta
804 2445 1022 2543 haenophtisi
1041 2449 1142 2520 corri-

157 2580 305 2666 peretur.
326 2565 433 2664 Cujus
458 2591 499 2638 ex
523 2561 634 2638 morbi
659 2565 873 2640 desaevientis
897 2565 932 2638 ri
956 2591 1060 2664 quum
1085 2565 1145 2638 vix
1249 2547 1256 2560 ⁵

160 2682 296 2756 taudem
316 2738 326 2774 ,
346 2681 437 2770 velut
462 2707 503 2754 ex
521 2681 577 2756 sni
595 2682 770 2776 faucibus,
790 2685 942 2758 evasisset
961 2710 975 2770 ;
993 2697 1064 2756 tum
1081 2709 1138 2756 ve-

157 2829 198 2874 ro
221 2801 414 2874 Nosoeomii
438 2803 656 2907 septemviri,
675 2804 733 2902 qui
751 2816 831 2877 tnnc
851 2803 1008 2898 temporis
1032 2805 1140 2898 sagaci

152 2901 307 2995 'soltertia
329 2949 370 2994 en
399 2919 621 3020 grnbeuuetle
644 2921 830 3015 tenebant,
859 2920 975 2996 eximii
1014 2923 1141 3020 juvenis

158 3041 358 3140 stipendium
400 3041 633 3118 adsumunt.
672 3043 727 3118 Ne
763 3069 842 3116 vero
872 3043 900 3114 is
931 3045 1139 3138 pecuniam,

156 3160 213 3238 uel
239 3175 318 3236 tunc
335 3162 521 3236 necessariis
543 3161 659 3256 usibus
684 3163 1011 3260 transumunt,
1040 3164 1074 3236 in
1099 3163 1140 3234 ii·
1281 3225 1286 3244 .

159 3279 232 3356 bris
255 3281 407 3354 emendis
445 3295 654 3356 annumeret
673 3307 688 3368 ;.
711 3277 952 3352 Bibliothecam
980 3295 1055 3354 tum
1092 3279 1140 3354 ibi

25 3417 33 3432 ·
159 3399 394 3491 exsistentem,
421 3397 515 3472 libris
539 3396 797 3498 quamplurimis
816 3397 1017 3497 optimisque
1039 3399 1139 3472 reser-

160 3533 260 3610 tam,
288 3517 443 3614 emsdem
463 3519 538 3594 usui
564 3517 796 3602 addixerunt.
820 3518 893 3592 Nee
928 3518 1035 3594 nrultti
1060 3547 1138 3594 sune

159 3652 233 3738 post
260 3650 442 3736 tempure,
469 3640 580 3738 ipsein
602 3639 674 3736 jun
712 3641 838 3734 private
861 3625 933 3712 reris
972 3641 1137 3714 medicam

160 3755 385 3850 edocentem,
412 3757 456 3830 ad
482 3757 671 3836 adetum
709 3758 907 3856 Chirurgiae
930 3760 964 3831 in
990 3756 1145 3857 Collegit>

159 3875 546 3978 Medico-Chirurgus,
573 3903 664 3977 quae
684 3880 717 3952 iu
744 3878 814 3975 ipso
832 3877 1032 3954 nosocomio
1056 3890 1147 3952 tune

162 4007 234 4071 erat
251 4050 262 4090 ‚
279 4011 470 4072 erexerunt.
490 3997 680 4098 Magnoque
696 3995 842 4096 prufeeu
859 3997 1150 4095 juventudinem.
