2760 4874
718 449 737 551 't
764 479 825 554 190
845 451 872 550 )Ι

388 627 460 708 ΧΙ.
486 629 570 722 Quo
596 625 632 699 in
657 623 737 700 loco
757 622 846 704 duni
861 649 983 706 versor
1007 625 1103 706 sunit
1117 628 1278 710 animum

294 751 494 856 cogitatio,
521 748 559 820 in
583 759 680 822 tanta
707 745 881 822 humanos
919 747 1170 851 depravatione
1219 780 1282 828 nn·
1369 741 1370 822 l

293 887 421 962 turae,
447 895 516 972 quie
540 891 669 968 corpus
693 865 863 966 obsequio
885 879 1009 944 natum
1029 869 1078 944 ito
1096 894 1180 944 curn
1211 873 1286 944 nni·

292 1017 357 1069 mo
381 989 428 1066 de
451 991 604 1094 imperio
629 987 843 1079 contendit,
870 1001 911 1064 ut
936 985 1037 1064 illum
1063 1015 1168 1091 saepe
1195 1015 1274 1092 per·
1369 997 1370 1078 l

285 1111 400 1187 trahet
424 1111 461 1186 in
486 1111 726 1211 turpissimam
764 1112 995 1198 servitutem
1024 1137 1132 1212 quom
1166 1110 1273 1213 plone
1357 1197 1359 1206 ,

200 1314 203 1330 ¹
286 1233 463 1338 ficrilnou
487 1228 630 1332 possit,
657 1231 734 1304 sine
757 1227 926 1308 Numinis
951 1233 1178 1328 praesentia,
1223 1243 1279 1306 nt·

287 1377 358 1451 que
383 1364 466 1451 opto
492 1350 741 1437 institutione,
766 1361 807 1426 ut
831 1347 867 1422 in
891 1373 978 1425 vero
1017 1347 1182 1439 virtutis,
1217 1375 1274 1426 cc·
1369 1349 1370 1440 l

282 1467 437 1570 demque
463 1467 640 1548 felicitatis
664 1467 724 1546 vic
749 1463 915 1548 homines
939 1479 1066 1569 egunt.
1093 1465 1204 1559 Quod
1218 1493 1275 1542 re·

283 1603 384 1665 ctum
410 1611 615 1688 agnoscere,
641 1584 740 1688 quod
764 1587 867 1688 sequi
889 1585 1071 1678 velimus,
1090 1585 1180 1660 DEI
1212 1587 1276 1661 do-
1369 1593 1370 1688 ζ

279 1731 369 1780 num
392 1718 469 1790 cst:
496 1703 595 1808 quod
619 1703 664 1778 ad
689 1717 827 1781 rectum
851 1705 949 1784 vitm
982 1705 1186 1805 expeditam
1210 1705 1273 1784 ha·
1369 1709 1370 1796 l

276 1827 457 1918 beamus,
483 1823 701 1900 educationis
738 1823 869 1904 fluctus
909 1839 989 1902 cst.
1015 1829 1166 1923 Quam,
1210 1833 1273 1928 qni
1369 1809 1370 1814 Ἰ

276 1947 463 2024 nominant
499 1945 708 2046 adjutricem
738 2001 751 2038 ,
789 1945 1136 2052 emendatricemque
1172 1964 1275 2024 natu-

274 2091 366 2160 sne,
395 2063 485 2141 mibi
508 2065 674 2146 videntur
697 2079 907 2166 potestatem
933 2071 1009 2167 ejus
1050 2072 1112 2144 vix
1148 2073 1271 2148 novis·

275 2209 339 2260 se:
365 2185 580 2262 effectricem
605 2183 763 2262 hominis
787 2183 1038 2286 appellemus,
1064 2211 1157 2292 quae
1193 2187 1271 2264 sole

274 2329 340 2385 nos
367 2301 521 2381 vindicet
544 2305 845 2406 nobismetipsis,
883 2317 989 2406 utque
1027 2307 1133 2382 utiles
1166 2307 1271 2384 nobis
1369 2371 1370 2376 ,

277 2426 436 2518 reddat,
468 2427 572 2508 utiles
596 2425 841 2530 reipublicae.
871 2425 973 2504 Nihil
997 2438 1077 2519 est,
1105 2429 1264 2528 opinor,
1369 2427 1370 2432 ’

278 2549 317 2622 in
341 2550 464 2624 sociali
489 2551 561 2630 rita
586 2563 659 2624 tam
683 2571 870 2652 magnum,
896 2559 971 2622 tarn
987 2569 1150 2647 supremo
1177 2575 1264 2626 cura

278 2665 461 2772 dignum,
488 2690 596 2767 quom
620 2665 784 2740 educatio
824 2667 1046 2765 juventutis:
1089 2693 1163 2768 qua
1202 2671 1268 2744 de-

276 2785 371 2860 xeris
398 2783 636 2884 perennabit.
664 2782 792 2860 Civilis
817 2782 981 2859 educatio
1007 2783 1107 2860 dabit
1131 2811 1265 2878 mores,
1369 2821 1370 2826 ¹

276 2903 446 2981 litteraria
470 2904 692 3007 doctrinam,
718 2931 810 3009 quae
835 2905 904 2980 nisi
930 2907 1146 3008 conspirent,
1160 2921 1267 2984 ruent

281 3027 402 3100 omnia
430 3026 465 3100 in
491 3049 686 3128 pinaceps.
716 3024 790 3102 Sed
813 3025 852 3098 iu
875 3049 919 3100 eo
947 3027 1080 3124 possim
1104 3021 1267 3100 homines

277 3159 398 3222 errant
418 3203 428 3237 ,
452 3147 548 3250 quod
572 3145 743 3251 praebent
767 3148 948 3247 juventuti
970 3145 1086 3222 molto
1119 3171 1267 3246 praeco·

274 3279 365 3366 pta,
392 3293 463 3367 quo
488 3267 533 3342 ad
561 3269 730 3346 virtutem
755 3264 978 3359 transvolet,
1017 3265 1268 3366 exemplorum
1369 3261 1370 3264 ‘

269 3389 470 3462 incuriosi.
497 3387 689 3490 Praecepta
714 3387 884 3466 valebunt
898 3385 979 3490 plus
1004 3413 1122 3478 sensu,
1149 3413 1263 3490 quam
1369 3389 1370 3392 ’

268 3509 654 3610 opere,siexe1npla
692 3507 836 3601 desint,
874 3530 966 3610 qnae
1004 3518 1183 3597 movent,
1229 3519 1265 3580 et
1369 3527 1370 3600 j

269 3625 490 3726 pertrahunt
520 3627 616 3703 Nem
640 3627 806 3704 imitandi
841 3627 881 3702 in
918 3625 1065 3718 homine
1107 3622 1267 3726 proclive
1369 3673 1370 3686 κ

265 3746 453 3850 ingenium
473 3753 491 3840 ,'
509 3773 641 3852 magne
662 3750 813 3828 incultas
838 3761 891 3824 est
908 3801 921 3841 ,
939 3761 977 3822 ct
990 3745 1096 3822 focile
1120 3743 1265 3820 vadunt
1369 3769 1370 3854 }

264 3872 447 3964 universi,
474 3883 642 3945 nontam
668 3898 738 3972 qua
764 3868 922 3948 eundum
950 3881 1034 3965 cst,
1060 3893 1168 3975 quarn
1194 3891 1266 3970 que
1369 3865 1370 3910 ³

263 3987 362 4068 itur.
390 3991 574 4098 Sapienter
597 3989 734 4074 dictans
803 4005 807 4020 ‘
