2790 4872
764 481 878 577 (¹⁶)

356 587 457 662 XXI.
471 587 627 666 Scalarnm
650 593 783 662 diversae

259 721 265 734 =
313 677 530 774 longitudinis,
556 701 586 752 et
608 683 785 776 capacitatis

314 796 445 842 caussae.

357 863 475 932 XXII.
490 859 583 931 Nervi
607 868 685 956 paria
698 863 788 952 septi·

314 957 559 1044 mi',‚eorumque
575 953 687 1022 canalis
700 973 787 1020 com·

311 1063 420 1109 munis.

352 1129 492 1198 XXIII.
519 1131 700 1200 Indumenta
738 1156 788 1199 ca·

310 1221 389 1288 halis
426 1229 617 1301 communie,
657 1239 687 1289 et
723 1249 788 1290 ncr-

310 1328 441 1379 torum:
476 1319 619 1404 nervique
643 1313 711 1378 duri
735 1314 786 1378 de·

312 1431 423 1474 cursus.

356 1489 492 1564 XXIV.
518 1489 629 1558 Trium
656 1493 786 1561 fascicu-

311 1585 411 1655 lorum
436 1589 518 1648 nervi
543 1579 641 1646 mollis
658 1588 787 1650 anterior

192 1739 194 1746 Α
311 1677 350 1743 ad
384 1669 538 1741 cochleam
571 1678 725 1760 pertinet,
759 1688 789 1738 et

311 1765 429 1848 foveam
449 1759 612 1852 ingreditur
626 1762 701 1828 basis
717 1787 782 1832 mo·

309 1855 393 1924 di0Ii.

354 1939 468 2014 XXV.
493 1934 599 2006 Fascis
620 1941 670 2008 irie
706 1967 785 2033 quo·

308 2039 403 2104 modo
427 2054 511 2097 suam
533 2031 653 2094 foveam
685 2039 783 2122 ingre·

310 2127 436 2204 diatur,
463 2133 655 2213 penetretque
681 2127 712 2190 in
728 2147 784 2188 co·

310 2216 440 2282 chleam.

355 2301 487 2369 XXVI.
514 2295 657 2365 Fasciutn
697 2327 784 2394 supe·

310 2397 424 2460 riorum
450 2391 533 2455 neeri
548 2387 645 2452 mollis
658 2397 787 2458 anterior

310 2485 402 2548 intrat
426 2475 631 2560 vestibulum,
656 2491 685 2543 et
708 2487 785 2548 intra

309 2571 385 2640 iIIud
411 2566 619 2662 expanditur,
652 2583 784 2667 septum-

309 2685 368 2760 que
394 2662 541 2748 integrum
559 2655 643 2736 lacit,
659 2681 721 2748 quo
734 2681 786 2748 ge·

312 2763 455 2816 nerantur
477 2753 509 2810 in
533 2747 686 2814 vestibulo
702 2750 785 2816 cavi·

309 2849 385 2906 tates
409 2840 498 2903 duae.

354 2923 503 2996 XXVII.
530 2921 616 3015 Septi
644 2926 783 2998 vestibuli

310 3013 406 3081 forma
426 3065 435 3098 ‚
458 3032 487 3082 et
511 3017 715 3114 proprietates.

357 3101 524 3176 XXVIII.
552 3103 695 3171 larrium
733 3129 784 3176 su·

311 3201 460 3294 periorum
482 3197 566 3264 nervi
599 3193 700 3262 mollis
725 3220 783 3296 po·

304 3291 420 3354 aterior.
736 3327 740 3340 ι

354 3371 489 3444 XXIX
509 3370 595 3444 Tota
616 3371 782 3470 labyrinthi

312 3470 427 3550 caritas
450 3469 574 3535 humore
598 3478 642 3530 est
664 3465 781 3556 plena,

305 3569 336 3620 et
371 3555 424 3622 a'e'r
457 3551 631 3624 naturaliter
669 3578 782 3650 semper

265 3665 267 3669 ·
306 3643 413 3728 abeat,
431 3672 484 3713 ner
501 3659 656 3736 penetrare
670 3645 700 3710 Iu
715 3668 780 3718 eam

306 3750 414 3828 pptest.

344 3821 697 3916 'XXtherarumque
710 3829 779 3918 opi-

304 3919 430 4009 nionum
454 3921 533 3986 circa
557 3918 688 4006 euperiu'a
723 3917 777 3986 ad·

307 4022 410 4079 notata
428 4018 642 4072 commentum.

281 4088 285 4102 '
352 4093 492 4168 XXXI.
509 4091 631 4162 Humor
644 4091 778 4188 labyrin-

834 595 919 662 thum
942 594 1068 688 impleor
1088 614 1131 667 ert
1147 600 1248 673 sumne
1261 617 1312 675 a‘r·
1373 643 1378 654 ’

833 691 985 750 teriarum.
1388 699 1389 718 ¹

879 770 1033 840 XXXII.
1060 777 1122 843 Cur
1148 805 1210 849 osae
1233 807 1310 852 aetr-

835 869 903 929 erici
929 869 1010 931 uerri
1034 869 1170 935 conclusi
1194 889 1276 941 sura.
1388 901 1389 916 ³

878 951 1049 1022 XXXIII.
1074 956 1137 1022 Cur
1160 963 1231 1030 data
1257 990 1312 1031 ca-

838 1044 913 1107 vitas
924 1053 1069 1134 tympani:
1086 1053 1205 1140 ejusque
1216 1071 1313 1122 ntem-

837 1131 945 1196 branae
969 1141 1151 1226 ‹rescript-0:
1184 1164 1313 1216 ossium·

837 1241 902 1326 que·
918 1235 1021 1288 catena
1038 1229 1112 1295 intra
1131 1244 1310 1321 tympanum

836 1322 947 1396 posrta.

884 1395 1128 1472 xxtvtttattet
1144 1409 1242 1478 brevit
1257 1411 1315 1482 de·

836 1493 980 1577 erriptm:
1007 1498 1067 1582 ejus
1093 1513 1191 1562 motus
1224 1515 1314 1573 enta-

835 1581 951 1646 torr'us:
978 1601 1047 1647 usus
1071 1607 1223 1674 processus
1240 1585 1270 1658 F
1272 1616 1310 1658 o-

832 1662 932 1746 liam,
969 1675 1020 1760 qui
1057 1677 1118 1738 axis
1151 1691 1193 1741 est
1227 1702 1312 1750 circa

836 1777 922 1844 quem
948 1762 1072 1830 malleus
1097 1779 1236 1838 vertitur:
1256 1771 1312 1838 de·

832 1848 954 1934 scriptio
978 1853 1122 1936 incudis,
1146 1861 1218 1924 ossis
1241 1853 1312 1927 len·

833 1933 996 2014 titulare,
1023 1959 1051 2006 ct
1074 1947 1214 2031 stapedis.

901 2023 1052 2098 XXXV.
1097 2021 1313 2109 Oeeieulorum

832 2121 965 2207 tympani
984 2135 1080 2188 motus
1096 2145 1102 2184 :
1118 2146 1220 2190 eorum
1236 2147 1309 2196 mu·

832 2205 928 2270 sculi:
955 2213 1083 2300 stapedia
1096 2216 1241 2302 ingressus
1257 2221 1309 2282 iu·

834 2303 877 2356 tra
903 2298 1084 2368 vestibulum
1108 2299 1173 2370 sola
1210 2319 1314 2395 poste·

832 2381 903 2445 riori
927 2401 1020 2474 parte
1034 2391 1110 2457 basis
1132 2385 1196 2474 fit,
1222 2407 1313 2460 ante·

832 2471 902 2536 riori
929 2475 1097 2564 immobili,
1130 2485 1204 2576 quia
1226 2477 1310 2580 lipa-

833 2573 932 2627 mento
954 2563 1083 2638 firmata.
1269 2629 1273 2640 .

877 2649 1047 2730 XXXVI,
1074 2649 1312 2752 Baeir'rtapedia

832 2740 975 2831 alligatur
1004 2745 1131 2818 ambitui
1166 2748 1311 2837 fenestras

831 2831 950 2918 oratic,
975 2833 1059 2904 nullo
1094 2833 1179 2909 hiatu
1211 2839 1310 2914 iuter·

831 2923 964 2992 cedente.

875 3007 1236 3114 xxxvllXpophpts
1248 3021 1306 3089 tri.

830 3101 981 3190 angularis
1004 3113 1160 3177 anterioris
1174 3101 1302 3178 extremi

829 3191 906 3256 basis
929 3191 1058 3286 stapedia
1081 3219 1117 3264 ex
1139 3209 1224 3292 parte
1253 3214 1313 3263 ve·-

829 3276 942 3345 stibuli.

872 3367 1076 3444 XXXVIII.
1091 3363 1154 3448 Cur
1169 3371 1306 3443 inmoto

827 3459 954 3552 stapedis
970 3511 978 3544 ,
992 3463 1103 3535 humor
1124 3461 1262 3535 vestibuli
1275 3486 1312 3527 e·

827 3569 957 3639 mergere
980 3576 1040 3626 nou
1047 3568 1167 3714 potest,
1180 3566 1210 3622 et
1225 3564 1312 3646 ,Iptu-

825 3662 938 3732 panum
959 3647 991 3716 in
1016 3669 1045 3712 re
1069 3649 1091 3714 i.
1264 3723 1268 3734 ¹

873 3723 995 3801 XXXI
1039 3731 1098 3803 ‚ln
1121 3735 1307 3811 omnimotu

826 3817 954 3912 stapedis
979 3823 1088 3906 humor
1102 3821 1240 3914 vestituli
1255 3847 1310 3895 ut*

825 3925 875 4000 get
899 3921 1016 4000 septum
1041 3933 1310 4002 uerrottutt2oen·

827 4022 999 4089 nexumque
1023 3998 1130 4083 lacit,
1155 4013 1187 4070 et
1220 4014 1311 4094 ante·

825 4091 911 4159 riorie
926 4092 1067 4160 caritatis
1079 4091 1189 4161 humor
1205 4087 1304 4176 cedit,-
