2790 4872
711 400 715 408 ι

547 457 664 558 ll¹l

97 633 141 708 lis
167 630 272 706 lineis
288 623 384 720 8¹l2,
397 627 541 704 interior
559 628 603 702 ad
616 625 811 708 modiolum
825 623 928 704 lincis
949 627 1079 704 tribe.

95 753 189 829 llinc
204 763 300 826 totus
312 751 465 832 ambitus
473 753 627 827 exterior
637 751 714 828 tubi
725 748 908 826 cochleam
918 751 1077 826 incientis

95 875 257 976 aequalis
270 888 343 946 erat
358 874 463 948 lineis
485 873 592 962 18112,
608 873 751 946 interior
761 872 957 968 lineis9¹s2.
967 871 1081 946 actm·

95 1019 165 1096 qne
180 993 319 1095 spinalis
330 990 459 1064 lamina
484 990 643 1094 margine
658 989 771 1065 libero
787 992 883 1064 exim
908 989 984 1066 tobi
997 1015 1076 1090 pera

95 1141 243 1192 currere
267 1111 479 1187 considerari
505 1115 644 1214 possit,
673 1109 788 1184 modia
828 1111 1077 1212 proportiona-

96 1235 142 1312 lis
169 1236 246 1332 ejus
261 1234 431 1333 marginis
462 1230 717 1332 longitudinem
732 1255 840 1330 prope
857 1229 968 1320 dabit,
987 1253 1080 1330 quae

97 1357 167 1428 en't
191 1355 367 1428 linearum
392 1354 530 1428 circiter
545 1351 824 1429 tredecimdrris
840 1350 986 1426 modioli
1001 1351 1082 1426 atti-

97 1475 261 1550 tudiuem
275 1473 353 1548 nidi
367 1472 551 1572 aequalem
566 1471 678 1545 lineae
692 1497 706 1544 ι
722 1471 887 1570 'sphetim
903 1472 1081 1570 integrum

98 1595 214 1670 totius
238 1591 400 1666 cochleae
412 1595 538 1692 spirae,
554 1615 575 1664 a
590 1590 665 1665 basi
681 1589 828 1664 modioli
853 1586 900 1664 ad
923 1603 1087 1666 centrum

99 1713 249 1814 copulae
273 1709 511 1798 infundibuli,
531 1708 647 1808 paullo
663 1715 831 1812 majorem
856 1709 948 1789 lineo
978 1737 993 1788 t
1025 1731 1081 1816 ¹12.

200 1830 313 1906 XXI.
356 1829 540 1904 Scelerum
580 1842 699 1904 tamen
732 1827 895 1904 cochleae
914 1831 1085 1930 capacitas

99 1953 279 2026 inversam
303 1949 533 2056 longitudinis
568 1952 744 2026 rationem
785 1952 926 2028 videtur
967 1957 1082 2056 sequi.

100 2068 195 2146 Nam
220 2071 358 2174 longior
398 2084 450 2144 est
474 2071 566 2146 scale
591 2072 786 2162 vestibuli,
812 2083 848 2144 ct
872 2076 1082 2174 angttstior;

99 2191 255 2284 brevior,
270 2195 445 2297 latiorque
470 2193 560 2268 scala
585 2196 760 2296 tympani.
788 2195 901 2294 Hujus
927 2199 1088 2272 reicaus·

101 2339 137 2390 sa
171 2312 306 2414 duplex
347 2317 419 2417 (r).
446 2317 614 2390 Lamiuae
640 2315 777 2418 spiralis
815 2329 913 2392 ortus
952 2346 1022 2394 non
1064 2345 1087 2394 ι

100 2433 217 2508 media
243 2438 429 2536 superficie
454 2437 633 2529 modioli,
661 2435 724 2509 sed
750 2436 970 2537 aliquantum
1004 2465 1092 2538 pron

102 2554 234 2628 ximior
256 2556 371 2630 scalae
397 2558 590 2650 vestibuli,
618 2574 658 2631 ut
685 2582 753 2631 non
781 2557 869 2632 mihi
887 2560 1002 2634 desint
1015 2560 1089 2634 oh·

102 2675 345 2768 mancones,
372 2678 409 2748 in
436 2679 562 2781 quibus
587 2704 692 2777 supra
717 2675 885 2752 laminam
912 2705 956 2752 cx
980 2679 1087 2778 hujus

103 2793 219 2867 scalae
243 2809 365 2895 parte,
392 2799 453 2873 vix
478 2798 523 2870 de
549 2823 626 2871 osse
664 2794 813 2870 modioli
852 2797 918 2871 luit
953 2797 1087 2900 aliquid

101 2933 362 3020 conspectum,
403 2933 439 2992 et
462 2917 522 3019 (a)
559 2944 645 2994 nona
671 2916 836 2992 cochleae
861 2919 897 2990 in
923 2920 1087 2994 insertio·
1167 3011 1170 3018 ¹

104 3062 149 3109 ne
175 3038 221 3110 ad
262 3039 464 3138 oppositum
504 3039 675 3138 parietem
711 3036 863 3112 anterius
905 3037 1087 3120 inclinatas

102 3153 234 3230 Scalae
259 3161 449 3259 tympani,
476 3159 593 3256 major
618 3170 733 3232 tamen
749 3158 945 3260 frequenter
961 3177 1014 3237 est
1030 3190 1090 3240 ca.-

105 3281 240 3379 pacilus
266 3304 377 3380 prope
401 3277 589 3356 rotundam
613 3280 831 3372 fenestram,
858 3281 903 3358 de
928 3313 997 3386 qua
1033 3289 1089 3364 iur

104 3401 160 3488 fra
184 3403 434 3478 edisseremus.
462 3404 530 3478 Hic
561 3429 671 3478 unum
710 3403 839 3487 addam
869 3457 879 3492 ,
920 3407 1086 3486 cochleae

105 3551 232 3600 zonam
257 3525 572 3627 pellucidissimam
597 3551 696 3616 esse,
723 3529 900 3632 simulque
925 3536 1090 3612 tenuissi-

106 3670 236 3739 mam,
261 3661 302 3720 ut
326 3644 394 3720 nisi
434 3647 470 3719 in
487 3648 722 3740 recentibus,
772 3645 944 3750 cauteque
970 3652 1099 3751 persio.

106 3768 190 3842 catis
216 3766 369 3840 cochleis
395 3769 603 3864 inquiratur,
631 3767 771 3842 difficile
798 3768 844 3842 sit
868 3769 1033 3845 inveniri.

103 3957 105 3966 ,
206 3887 336 3993 XXII.
362 3887 427 3966 His
452 3890 620 3969 omnibus
646 3887 798 3966 addendi
835 3903 917 3964 sunt
957 3893 1089 3986 nervi,

127 4033 279 4107 quorum
302 4014 457 4090 maxime
482 4037 600 4088 caussa
624 4009 692 4087 hoc
708 4011 895 4100 artificium
911 4007 1093 4090 machina·
