2756 4874
732 415 847 507 (⁸²)

310 587 485 662 mensuris
510 582 641 656 horum
668 581 842 670 currulium
868 577 1095 656 tribuendum
1122 594 1188 673 est,
1216 571 1296 684 qui·

310 707 379 781 Irus
408 720 457 780 tot
474 704 620 778 labores¹
632 700 840 774 dedicarunt
851 699 1063 775 Anatomici!
1078 703 1170 776 Hin'c
1185 731 1297 804 quee-

302 830 395 902 renti
421 823 675 925 respondemus
719 819 972 896 Cessebolrmio
991 824 1016 924 (
1036 822 1086 922 t)
1129 824 1295 900 canales

304 973 427 1048 quare
454 953 495 1020 in
533 949 740 1046 posteriori
766 943 782 1044 (
811 946 928 1046 potius
971 923 1143 1043 superiori
1170 943 1295 1048 (x))

300 1065 516 1173 labyrinthi
542 1069 630 1141 loeo
657 1072 721 1142 siti
736 1068 755 1140 ?
782 1065 874 1156 Quia
901 1067 990 1164 septi
1008 1067 1145 1139 nervosi
1172 1093 1296 1169 neces·

300 1194 382 1266 sites
399 1191 415 1292 (
432 1190 570 1289 χιιι),
601 1194 746 1290 ejusque
772 1204 890 1262 motos
914 1191 1004 1262 ratio
1030 1189 1222 1289 (xxxix)
1242 1192 1296 1264 ite

301 1311 386 1386 sitos
414 1311 550 1384 canales
574 1309 803 1409 requirebant
829 1313 945 1398 (surr
965 1309 994 1405 ).
1016 1308 1147 1409 Quare
1173 1335 1296 1384 cana·

304 1430 354 1502 lis
382 1434 577 1527 superior,
606 1444 643 1500 et
669 1423 829 1528 inferior
856 1425 1028 1527 (nempe
1070 1430 1247 1530 posterior
1275 1431 1291 1527 )

298 1555 411 1626 sitam
436 1550 453 1650 (
480 1550 570 1624 idest
586 1548 762 1623 tantillum
788 1547 1022 1650 directionis)
1046 1568 1201 1638 mutent,
1216 1547 1295 1624 nlrrr

299 1699 388 1749 vero
416 1671 635 1748 externus?
660 1673 764 1746 Patet
788 1695 832 1746 ex
856 1670 970 1744 dictis.
1000 1672 1124 1772 (χιιι
1148 1671 1188 1771 ).
1214 1673 1297 1746 Car

298 1797 479 1891 superior
503 1816 589 1864 cam
617 1793 799 1888 inferiore
825 1789 893 1889 (sc.
914 1791 1139 1891 posteriore),
1158 1809 1298 1868 neuter

206 1915 217 1930 '
299 1908 548 1986 verolroram
574 1933 660 1986 eum
686 1929 849 1984 externo
888 1935 930 1984 se
969 1919 1209 2012 conjungat,
1238 1921 1294 1988 ita

211 2085 212 2090 κ
270 2052 339 2108 ,αι
367 2039 405 2104 in
433 2031 618 2108 vestibulo
644 2036 722 2105 tria
748 2031 945 2105 canalium
971 2032 1125 2136 orificia
1143 2050 1293 2109 tantam

290 2148 618 2226 'numerarenturl
653 2151 949 2224 Demonstrntum
978 2150 1072 2250 estf(
1099 2174 1220 2226 xxxix
1248 2152 1294 2226 od

295 2299 415 2348 xnvrr
435 2272 465 2373 ).
493 2272 552 2347 Sic
579 2272 685 2345 etiem
710 2269 906 2370 postulanti
935 2271 1168 2347 satisfecimus
1197 2276 1293 2349 Boe-

294 2393 440 2466 rhaavio
467 2392 509 2493 (i
528 2391 573 2491 )‚
600 2417 673 2466 cur
695 2397 863 2496 quiaque
889 2397 1016 2490 polias
1043 2397 1144 2464 ostia
1171 2393 1294 2468 tribus

295 2511 503 2588 canalibus
526 2529 673 2588 natura
687 2511 860 2614 feeerit,
901 2539 974 2588 eur
997 2537 1193 2588 numeram
1237 2517 1293 2591 aa

296 2653 377 2710 tres
402 2634 642 2710 reduxerit?
666 2638 769 2728 Quae
795 2637 911 2708 omnin
938 2663 982 2708 rx
1023 2635 1196 2712 hacteuus
1235 2665 1292 2714 re·

295 2757 435 2832 censitis
473 2755 760 2832 manifestissime
802 2755 1042 2834 demonstrata
1069 2773 1178 2852 sunt,
1223 2766 1288 2838 etsi
1364 2812 1365 2842 i

293 2885 482 2953 neminem
507 2877 723 2951 mortalium
749 2872 847 2950 lraee
877 2877 1165 2976 explicaturum
1194 2880 1290 2953 Boe·
1363 2899 1364 2902 ’

292 3002 456 3078 rhaerius
481 2997 579 3074 idem
603 2997 827 3100 judicaverit.

253 3209 256 3214 ¹
369 3121 494 3197 -Llll,
538 3121 697 3216 Monitos
721 3130 843 3192 autem
883 3114 996 3207 volo,
1022 3132 1200 3219 quotquot
1242 3122 1289 3196 ed

293 3243 381 3318 lreec
409 3241 530 3316 omnin
558 3240 740 3338 cumipse
766 3249 891 3311 nature
917 3236 1130 3312 conserenda
1157 3242 1287 3312 verita·

292 3363 338 3438 tis
363 3389 464 3440 emor
489 3356 701 3450 incesserit,
730 3369 768 3430 ut
793 3383 868 3430 non
894 3354 996 3432 aliter
1021 3354 1067 3428 ed
1092 3357 1283 3451 canalium,

692 3545 877 3566 ”-

334 3639 385 3734 (h)
420 3637 470 3705 De
503 3637 586 3708 Aure
623 3639 766 3708 Humana
835 3639 1069 3718 institutiones.
1093 3641 1124 3724 ς.
1147 3633 1280 3708 DLXI.

355 3745 758 3844 Traet.V.§.178.p.m.6.
828 3742 925 3812 Tom.
953 3743 985 3810 3.
1011 3741 1074 3820 Ed.
1092 3743 1224 3816 Taurin.
1247 3775 1280 3842 p.

310 3935 314 3942 ,
333 3855 372 3945 (ι)
394 3855 429 3920 ln
454 3853 761 3946 pr·relectionibus1A·
809 3876 872 3922 rm.
890 3875 964 3940 nno.

377 3962 535 4033 eademicis
564 3966 593 4029 in
623 3965 758 4055 proprias
