2790 4872
686 477 816 578 (va)

211 695 214 704 .
262 635 422 730 lomento,
449 636 613 736 frequenti
642 635 698 711 ilto
714 633 890 708 Facultatis
918 635 1071 710 Medicae
1086 634 1242 732 suffragio

159 843 161 847 Ι
260 755 469 844 consultum3
485 781 568 857 quae
594 760 662 855 jam
687 771 760 830 tum
786 753 986 853 intelligebat
1008 756 1089 856 qnid
1106 755 1241 829 Coton*

261 874 334 948 nius
349 889 569 973 praestaturus
594 887 677 949 es'set
701 879 737 947 in
754 901 813 947 sua
838 889 906 946 arte
923 925 936 966 ,
955 889 989 946 et
1012 888 1178 976 quantum
1202 899 1244 946 ex

261 1016 301 1062 eo
318 992 484 1064 commodi
501 994 658 1067 nniveisis
682 992 868 1092 disciplinas
883 993 1025 1067 modicas
1049 992 1243 1068 inetmtibus

173 1115 177 1122 '
261 1125 344 1186 esset
369 1111 593 1185 adfuturum.
630 1111 745 1201 Quam
771 1136 849 1184 vere
865 1125 976 1186 autem
1000 1111 1044 1184 de
1067 1109 1124 1184 illo
1153 1109 1243 1209 judi-

260 1234 351 1306 cium
375 1231 538 1324 tulerint,
565 1233 677 1306 videre
702 1245 751 1304 est
775 1257 817 1304 ex
841 1229 955 1304 multis
978 1230 1244 1332 praeciosissimis

169 1418 174 1434 ‚
261 1355 340 1426 vinis
365 1356 423 1453 qui
449 1380 490 1426 ex
515 1353 674 1427 Cotunnii
700 1352 811 1428 schola
842 1351 1028 1453 prodiere:
1054 1355 1243 1454 intorques

258 1475 402 1545 ¹minime
426 1472 653 1570 praetereundi
677 1473 840 1548 Antonius
859 1471 1083 1546 Sementinius
1101 1529 1111 1565 ,
1131 1471 1244 1546 Xave·

216 1629 218 1634 ·
263 1595 332 1664 aius
357 1593 492 1686 Macri,
520 1595 731 1694 sexcentique
761 1595 816 1668 alii
838 1651 847 1688 ,
873 1595 935 1694 qui
952 1593 1116 1668 medicam
1134 1605 1244 1666 artem

264 1711 353 1814 apud
377 1738 437 1785 nos
451 1710 581 1785 dudum
590 1739 696 1812 quam
709 1715 944 1812 sapientissime
960 1711 1240 1803 administrarant,

264 1832 319 1906 vel
344 1834 525 1904 etiamnum
548 1831 786 1905 administrant.

354 1951 502 2024 Humani
519 1953 667 2051 corporis
691 1951 850 2026 fabricam
869 1949 983 2024 sedulo
997 1949 1249 2048 pervestigando

263 2096 305 2142 eo
325 2070 457 2144 tandem
485 2071 646 2163 devenit,
674 2084 711 2144 ut
736 2097 821 2142 anno
847 2073 978 2142 ineunte
1009 2065 1122 2168 1761,
1149 2071 1244 2170 quin«

260 2205 296 2262 to
321 2193 434 2263 aetatis
449 2217 525 2263 suae
547 2187 652 2262 iu's'tm
677 2189 829 2262 nondum
853 2201 982 2274 exacte,
1008 2190 1159 2286 repertis,
1173 2200 1246 2283 post

259 2309 290 2382 F
291 2307 460 2407 allopium,
487 2309 530 2382 ah
555 2308 748 2402 Eustachio,
776 2305 943 2402 Cassecio,
958 2307 1067 2402 Folio,
1088 2306 1245 2380 DussVere

261 2457 364 2532 noyn,
392 2429 559 2523 Valsalva,
579 2426 829 2524 cassabohmio,
858 2443 890 2500 et
905 2429 1090 2526 Morgagno
1109 2428 1151 2500 de
1168 2450 1246 2500 aure

262 2552 413 2625 humana
439 2551 525 2624 bene
550 2553 674 2624 meritis
694 2599 704 2634 ,
732 2577 789 2622 sua
814 2554 897 2622 item
917 2548 1111 2641 addiderit,
1139 2572 1244 2647 appo,-

264 2676 325 2746 site
352 2673 491 2773 quidem
517 2672 558 2744 'ad
580 2671 717 2744 auditus
737 2694 869 2769 caussas
893 2669 1243 2768 facitoexpiicandas,

262 2798 326 2870 De
351 2793 637 2896 aquaeductibus
675 2797 775 2866 auris
820 2792 1004 2866 humanae
1039 2796 1240 2864 internae.
1293 2777 1296 2784 ’

263 2912 549 3011 Praeclarumque
572 2909 657 2984 ittud
689 2922 862 3006 mpertum
887 2906 1015 3006 publici
1048 2910 1129 3004 juris
1163 2906 1239 2978 fecit
1319 2967 1323 2978 .

28 3016 32 3023 ¹
142 3053 146 3062 ·
255 3034 298 3104 -in
322 3031 574 3123 dissertatione,
602 3046 702 3130 quam
729 3027 957 3100 eodemauno
976 3027 1076 3125 ¹typis
1100 3022 1246 3098 manda.

167 3145 168 3150 ἵ
261 3169 351 3246 tam,
378 3153 432 3223 Μ.
444 3151 588 3225 Antonio
614 3149 801 3222 Columnae
825 3151 938 3244 magni
963 3145 1160 3220 Nosocomii
1179 3172 1238 3242 gu⁴

261 3271 455 3364 bernatori,
487 3272 664 3370 protectori
703 3292 762 3342 suo
791 3245 1052 3364 siugulmissimo
1084 3265 1237 3349 dicavit3

263 3396 450 3494 eximioque
474 3396 574 3485 viro,
602 3392 644 3462 de
669 3417 703 3462 se
726 3441 735 3482 ,
756 3389 982 3481 utdiairnm,
1009 3389 1135 3486 optime
1167 3409 1239 3456 mea

264 3518 341 3609 rito,
367 3540 429 3615 pro
452 3513 580 3612 magnis
606 3514 640 3582 in
666 3524 769 3584 semet
798 3505 1003 3603 benefactis,
1022 3508 1156 3608 publico
1174 3505 1238 3584 hoo

242 3635 450 3706 testimonio
475 3633 613 3730 gratiam
636 3628 777 3704 retulit„
846 3682 849 3690 ,
960 3679 964 3686 ·

362 3745 528 3828 Illustrem
569 3751 773 3826 huiusmodi⁴
799 3752 945 3850 pimium
972 3748 1133 3822 ⁴laborum
1167 3747 1236 3841 ejus

261 3881 421 3969 fructum,
441 3873 520 3947 alter
544 3873 767 3973 subsequutus
793 3885 840 3942 est
867 3871 909 3944 de
933 3873 1142 3945 inventione·
1158 3859 1237 3954 ude

257 4007 293 4077 νί
322 3996 553 4104 parabolici,
581 3995 634 4072 cui
658 4003 727 4071 'tota
762 3991 1009 4068 sternutamenti
1031 3981 1235 4092 physiologia
