2760 4874
303 611 521 727 praesidium
562 615 809 694 exercitatione
852 616 1133 694 meditationis?
1174 619 1285 723 Cujus

301 741 555 841 praestantiam
582 738 719 839 quoties
745 735 958 832 considero,
1003 735 1092 814 mibi
1118 737 1217 816 cadit
1255 745 1292 818 in

301 861 458 933 animum
486 855 689 932 hominibus
714 855 915 948 subirasci,
942 858 1005 960 qui
1045 879 1127 932 com
1165 883 1290 936 omnes
1370 857 1371 874 ¹

298 983 393 1056 vitae
418 979 561 1056 divitias
585 977 619 1050 in
647 1001 715 1052 una
757 979 887 1052 mentis
927 979 1155 1054 contentione
1195 986 1290 1081 posi.
1370 1025 1371 1036 2

307 1115 361 1174 tas
384 1098 563 1188 babeant,
591 1108 775 1197 tantopere
801 1094 984 1196 defugiant
1009 1095 1210 1171 meditandi
1242 1097 1292 1171 la·
1370 1119 1371 1160 1

301 1221 462 1311 borant,
489 1229 525 1289 et
553 1232 722 1318 tanquam
746 1215 842 1290 ritae
866 1237 1008 1288 crucem
1033 1211 1288 1290 reformident.
1370 1217 1371 1260 ³

307 1339 387 1414 Nec
413 1339 509 1412 enirn
538 1337 684 1437 ambigo
725 1333 923 1410 meditandi.
963 1357 1054 1434 opus
1092 1334 1292 1412 molestiam
1370 1349 1371 1424 t

305 1459 462 1560 aliquam
489 1458 622 1542 animo,
649 1467 755 1556 atque
779 1452 938 1528 taedium
964 1452 1111 1544 afferre3
1139 1451 1204 1528 sed
1218 1455 1291 1530 trir-
1370 1455 1371 1548 j

301 1577 388 1651 tutia
412 1599 534 1648 caussa
560 1573 678 1646 otnnia
714 1569 995 1648 ferendarum.
1021 1572 1115 1650 Nam
1158 1599 1200 1647 ea
1225 1571 1288 1645 lm.
1370 1569 1371 1654 3

302 1691 420 1774 mines
448 1695 527 1797 lege
554 1696 588 1767 in
629 1692 739 1768 vitam
777 1691 1057 1782 descendimus,
1083 1707 1123 1766 ut
1160 1695 1287 1770 virtuti

300 1817 493 1903 vivemus,
522 1835 614 1915 quac
639 1814 715 1885 sine
741 1813 975 1913 repugnantia
999 1837 1077 1886 esse
1116 1839 1187 1888 non
1226 1843 1288 1918 po.
1370 1903 1371 1912 ἵ

302 1945 402 2006 test.
430 1933 624 2030 Hominis,
653 1943 688 2003 et
712 1932 884 2022 virtutis,
911 1931 982 2004 sibi
1022 1935 1205 2035 reciproca
1230 1965 1290 2014 aa·
1370 1919 1371 1998 Ῐ

288 2067 337 2126 'ta
362 2054 506 2126 nomina
548 2063 656 2124 aunt:
692 2051 834 2150 ignaria
877 2061 1022 2144 nautat,
1050 2065 1091 2124 ut
1130 2053 1288 2131 videatur

305 2171 345 2246 in
369 2175 470 2261 rita,
504 2167 668 2245 'heminis
696 2223 707 2261 ,
736 2181 771 2240 et
807 2169 884 2240 vitii
926 2171 1068 2241 nomina
1093 2167 1196 2243 facile
1217 2191 1289 2246 're-

307 2287 481 2392 spondere
496 2341 510 2360 ,.
536 2286 643 2361 lllam
670 2309 787 2377 vero,
816 2309 923 2386 qnam
950 2285 1050 2360 affert
1075 2287 1289 2381 meditatio,

302 2408 506 2484 molestiam
530 2406 725 2482 admodum
752 2404 899 2480 sensiles
925 2407 1062 2481 cerebri
1099 2407 1210 2483 librae
1238 2409 1289 2484 fa·
1370 2467 1371 2476 ,

223 2531 224 2535 ’
302 2529 402 2601 ciunt
423 2528 598 2627 imagines
621 2549 742 2600 rerum
769 2523 960 2624 insculptas
985 2523 1183 2618 babentes3
1204 2553 1288 2632 quas

284 2649 350 2722 'ab
386 2649 506 2722 animo
539 2645 790 2720 meditationis
812 2659 974 2746 ternpore
1010 2651 1170 2748 agitem,
1216 2673 1284 2752 quo

300 2767 479 2866 imagines
504 2766 572 2840 rita
594 2765 813 2850 obvertunt,
842 2779 948 2866 atque
986 2764 1023 2838 itt
1049 2763 1113 2838 illo
1149 2767 1288 2842 violen-

299 2895 338 2958 to
380 2898 474 2961 stetu
515 2882 643 2961 durare
672 2884 827 2978 ‚donee
862 2881 1064 2958 meditandi
1099 2889 1286 2960 cosmatis

300 3022 529 3107 perseveret,
557 3026 698 3080 neeesse
723 3020 790 3082 est.
817 3005 915 3082 llaec
938 3005 1109 3080 librarum
1135 3032 1290 3084 eonver-

304 3127 358 3200 sio
397 3127 603 3204 molestiam
641 3129 760 3204 animo
800 3139 898 3206 creat
927 3181 939 3221 ,
969 3148 1079 3229 (paea
1100 3128 1286 3228 voluptate

302 3261 501 3348 pensatur,
527 3249 720 3349 multiplici
746 3262 782 3322 et
806 3251 933 3343 varia,
958 3263 996 3323 et
1019 3247 1082 3321 illa
1106 3273 1191 3323 cum
1217 3249 1287 3349 pri-

300 3369 402 3462 mis,
428 3393 537 3470 qoam
560 3371 594 3441 ei
629 3368 764 3444 debent
788 3361 913 3441 aiierre
952 3369 1124 3468 imagines
1161 3394 1288 3444 rerum

298 3509 342 3559 eo
367 3499 469 3562 motu
492 3485 688 3560 illustratae
706 3539 729 3590 ,Ἴ
747 3485 849 3579 Quae
873 3485 962 3562 milri
1001 3486 1172 3562 ridentur
1215 3513 1289 3560 non

296 3607 335 3680 in
360 3607 516 3682 obscuro
542 3585 653 3702 loco,
682 3621 788 3708 atque
811 3606 1063 3698 tenebricoso,
1089 3607 1137 3680 ab
1165 3609 1287 3682 animo

297 3725 441 3820 rideri,
469 3725 531 3804 sed
556 3728 683 3804 intime
706 3727 744 3802 ia
781 3715 940 3802 camme
963 3723 1163 3802 meditandi
1204 3743 1290 3804 ectu

301 3861 506 3953 opportune
525 3848 680 3925 excitata
704 3847 785 3928 luce
825 3846 1047 3923 collustrari.
1071 3849 1170 3926 stam
1209 3850 1295 3937 rim

301 3965 497 4071 phosphori
535 3967 717 4072 gignendi:
731 3991 773 4044 eo
799 3965 928 4053 dotant.
945 3967 1091 4044 cerebro
1107 3967 1261 4068 ,opinm
1280 4025 1292 4062 ‚
