2790 4872
499 431 617 522 (¹⁵)

69 609 160 682 iutra
185 601 354 680 co'cbleae
380 599 672 689 infundibulum,
701 595 797 675 solus
824 595 964 698 ubsque
999 595 1061 672 ills

68 727 225 800 decurrit
248 721 324 825 (i).
353 719 444 796 Nam
473 720 531 793 ubi
559 720 723 792 terminat
762 717 965 809 modiolus,
1008 721 1062 791 ui·

71 851 207 919 mirum
234 843 271 918 iu
296 842 368 914 fine
397 837 598 943 medietatis
624 838 758 936 primae
794 835 937 914 secundi
980 835 1064 939 gyri

71 964 154 1066 (rr)
173 1019 186 1056 ,
216 943 385 1038 terminat
410 984 550 1060 quoque
576 961 719 1060 opacior
734 985 813 1060 pars
828 961 979 1034 laminae
995 957 1069 1054 spi·

71 1083 186 1174 ralis,
213 1078 260 1154 de
287 1105 354 1180 qua
380 1077 649 1150 infundibulum
666 1075 753 1150 nihil
772 1077 980 1178 ingreditur.
1002 1075 1069 1150 So·

73 1199 125 1274 lus
151 1210 274 1271 cutem
300 1197 401 1270 albus
427 1195 588 1292 ejusdem
613 1221 721 1298 gyrus
746 1194 895 1270 ulterius
938 1194 1069 1296 produ·

74 1325 192 1404 citur,
220 1319 271 1392 ita
298 1316 493 1416 elongatus,
523 1318 620 1415 quasi
648 1318 844 1392 modiolum
863 1318 986 1392 ¹adhuc
1012 1333 1080 1394 re·⁴

73 1451 274 1540 queretur3
303 1449 338 1508 et
361 1438 493 1508 sensim
519 1436 653 1508 acutior
680 1439 773 1510 circa
815 1451 978 1510 centrum
1016 1438 1072 1510 iu-

81 1557 263 1634 fundibuli
290 1561 404 1630 rostri
427 1555 540 1628 formu
568 1553 708 1632 ducitur
732 1557 806 1658 (a).
837 1555 918 1631 Non
952 1570 1073 1632 tamen
1137 1590 1142 1624 a

86 1691 250 1756 centrum
275 1677 365 1785 illud
381 1676 629 1750 circumambit
645 1678 824 1780 undique,
843 1653 901 1752 aut
916 1703 1073 1780 unquam

80 1799 252 1872 laminam
280 1821 417 1870 osseam
443 1796 490 1866 ab
514 1822 577 1870 suo
605 1802 774 1896 margine
812 1821 990 1870 concavo
1018 1794 1074 1868 ad

80 1913 266 1992 cochleae
290 1921 438 2014 apicem
464 1921 603 2006 mittit,
631 1917 682 1989 uti
709 1926 831 1988 contra
856 1939 984 1986 omues
1009 1911 1074 1984 ob·

21 2048 23 2057 ’
80 2039 297 2112 terrationes
354 2052 491 2112 nostras
532 2035 662 2136 placuit
707 2035 911 2134 ceteroquin
954 2033 1078 2106 Casse-

84 2158 235 2248 bobmio
262 2155 338 2256 (l);
365 2159 428 2232 sed
453 2158 544 2230 circa
570 2179 648 2228 eum
687 2165 822 2226 tantum
865 2149 1078 2226 infundibuli

14 2345 15 2348 ,
91 2282 204 2356 centri
232 2293 367 2380 partem
394 2279 486 2354 liber
511 2276 556 2349 ab
580 2277 678 2350 omni
707 2271 918 2348 adhaesione
935 2299 1079 2377 supera·

84 2403 211 2498 gitur,
238 2423 329 2500 quae
355 2425 374 2472 a
400 2397 589 2472 medietate
614 2410 788 2494 postrema
830 2392 973 2468 secundi
998 2393 1079 2496 gyri

87 2517 174 2589 facta
204 2529 269 2587 est.
299 2513 377 2606 Qua
403 2539 596 2614 percursa,
623 2511 752 2586 desinit
777 2524 882 2584 acuto
896 2511 995 2612 apice
1010 2511 1079 2612 (m)

86 2636 179 2709 intra
204 2631 472 2710 infundibulum
497 2635 636 2734 integre
674 2657 887 2734 suspensus:
925 2656 1082 2732 cumque

92 2769 217 2828 centro
244 2755 362 2828 ultimi
388 2755 558 2856 semigyri
579 2780 739 2863 ,curvam
778 2733 945 2828 *latiorem
984 2779 1083 2828 com·

91 2873 347 2984 prebeudcnte,
375 2877 551 2950 minorem
579 2869 752 2971 circulum
773 2901 883 2976 prope
909 2873 1081 2975 complet,

92 2998 154 3098 qui
179 2995 396 3069 infundibuli
434 2997 521 3070 tubo
546 2997 647 3095 (ιιι
666 2998 684 3098 )
710 2991 921 3087 elatiorem,
948 2993 1085 3096 planio-

93 3129 243 3219 remque
267 3118 439 3218 originem
467 3117 649 3218 exbibet(
675 3115 704 3218 ).

196 3237 303 3310 XVI.
344 3239 525 3313 Hactenus
566 3239 760 3326 enarratis,
796 3234 887 3310 arrris
912 3233 1085 3314 humanae

98 3357 255 3432 internae
280 3383 491 3460 compagem
527 3387 661 3436 osseum
700 3358 962 3459 descripsimus.
993 3359 1084 3439 Huic

143 3622 183 3710 (i)
205 3617 290 3688 Tab.
319 3645 349 3690 1.
376 3623 428 3716 lig.
455 3648 487 3716 7.
511 3651 539 3710 e.
651 3625 703 3714 fig.
728 3643 776 3692 10·
794 3623 828 3694 k.

151 3723 205 3815 (k)
229 3727 357 3798 Ibidem.
473 3717 476 3730 ⁸
615 3736 673 3821 (m)
697 3729 817 3798 Tul-r.
842 3734 894 3826 fig.
921 3757 960 3828 7,
980 3735 1012 3810 lr.

100 3859 102 3862 ’
148 3843 189 3935 Q)
213 3841 263 3910 De
298 3866 368 3910 aure
383 3841 514 3910 humana
537 3839 568 3934 ς.
616 3845 663 3934 (n)
686 3839 768 3910 ibid.
787 3867 818 3916 c·

218 3952 293 4043 195.
319 3952 375 4044 fig.
397 3952 433 4018 6.
462 3975 549 4046 rrg.

734 4063 754 4105 2
