2756 4874
744 361 882 453 (¹1⁸)

300 567 389 624 men·
409 539 470 646 (q)
495 544 654 646 apertum
679 545 745 608 est.
771 531 938 606 Fanestm
964 538 1084 616 autem
1112 525 1284 602 rotunda

297 664 337 738 in
362 689 400 736 ea
427 669 539 763 parte,
565 681 655 757 quae
686 651 847 725 foramini
889 649 1049 754 prosimu
1074 658 1151 742 est,
1197 673 1280 724 con·

295 759 428 856 stanter
452 777 612 877 ligulam
638 795 787 846 osseam
812 768 866 870 (r)
891 767 1031 856 educit,
1059 791 1149 871 quae
1184 767 1287 844 velu-

296 899 325 970 ti
350 897 584 997 sepimentum
610 889 790 965 foraminis
813 889 951 990 regioni
984 888 1143 965 format.
1173 887 1282 988 Cujus

290 1014 360 1090 -hic
386 1029 438 1088 est
462 1013 604 1088 fortasse
630 1037 727 1102 usus,
744 1024 783 1083 ut
809 1003 988 1108 appellens
1022 1005 1068 1078 ad
1092 1005 1282 1085 rotundam

296 1136 486 1212 fenestram
512 1132 670 1223 humor,
696 1153 768 1202 uon
796 1126 1044 1202 membranam
1080 1123 1280 1218 fenestrae,

292 1257 363 1336 sed
387 1279 429 1334 os
454 1254 671 1343 offenderem
694 1249 762 1324 hoc
787 1249 916 1330 etenim
956 1247 1084 1322 nuttibi
1123 1246 1282 1338 cedens,

223 1385 225 1389 ’
298 1382 433 1457 resistit
458 1377 620 1464 humori,
651 1395 865 1472 omnemque
892 1370 966 1470 ejus
983 1366 1064 1478 'vim
1090 1370 1125 1440 in
1165 1365 1285 1468 proxi-

298 1521 400 1576 mum
425 1497 662 1602 aquaeductus
687 1495 861 1569 orificium
887 1491 1087 1566 convertit.
1116 1489 1210 1562 Huic
1233 1487 1285 1562 fo·

295 1618 423 1691 semini
449 1619 675 1692 continuatur
701 1613 830 1688 canalis
857 1611 937 1713 (s),
966 1609 1026 1712 qui
1050 1610 1140 1684 iutra
1166 1623 1287 1710 petro-

299 1737 328 1811 si
356 1738 444 1810 ossis
470 1736 724 1818 substantiam,
754 1731 820 1805 sub
845 1730 964 1807 canale
976 1753 1164 1806 nervorum
1187 1755 1288 1812 com·

298 1859 400 1938 muni
414 1857 500 1958 (xxi
514 1854 549 1956 r)
565 1853 833 1956 augustissimus
849 1852 1025 1945 decurrit,
1037 1867 1072 1926 et
1089 1868 1167 1954 post
1181 1835 1286 1926 unius
1366 1923 1367 1928 ,

296 1975 373 2052 fere
399 1977 511 2050 lineae
537 1976 751 2061 decursum,
778 1975 908 2050 sensim
935 1977 1134 2076 sensimque
1148 1976 1185 2048 iu
1213 2001 1289 2048 ma·

290 2100 411 2198 iorem
439 2096 595 2172 canalem
621 2093 810 2183 dilatatur,
839 2097 900 2198 qui
927 2121 989 2198 per
1014 2107 1084 2170 tres
1125 2094 1287 2195 quando·

292 2245 368 2322 que
395 2220 504 2292 lineas
530 2214 764 2308 descendens,-
791 2218 828 2292 in
869 2216 1042 2294 calvariae
1089 2243 1217 2294 cavum
1245 2241 1283 2290 se
1366 2231 1367 2234 ’

204 2333 208 2342 ’
295 2341 439 2440 aperit,
477 2339 544 2412 sub
587 2339 736 2416 termino
784 2339 950 2434 auteriori
990 2339 1116 2413 orificii
1158 2338 1286 2412 canalis

296 2483 487 2538 nervorum
512 2457 711 2534 communis
737 2457 809 2561 (t);
834 2461 973 2562 Integra
1010 2462 1126 2562 igitur
1151 2460 1285 2536 canolis

296 2578 498 2682 longitudo,
527 2579 591 2656 etsi
617 2607 686 2681 pro·
707 2582 945 2684 subjectorum
960 2581 1162 2656 diversitate
1189 2585 1285 2662 naria

176 2711 178 2714 ’
297 2714 377 2788 ast,
405 2726 487 2774 cum
514 2699 666 2777 viderim
691 2701 737 2776 ad
762 2727 854 2792 sex,
881 2713 917 2776 et
940 2702 1062 2793 ultra,
1103 2703 1219 2778 lineas
1244 2730 1282 2778 sa

296 2817 532 2909 estendam,
559 2845 662 2919 saepe
686 2835 806 2894 umen
831 2819 1079 2920 quatuoriare,
1108 2835 1167 2896 aut
1182 2826 1287 2925 quin·

298 2964 376 3038 -que
401 2937 513 3022 lineas
539 2939 739 3040 adaequat.
767 2941 950 3014 Decursus
992 2963 1100 3030 vert),
1128 2957 1289 3044 respectu

299 3055 525 3158 horizontis,
553 3060 599 3140 ab
626 3072 706 3136 ortu
730 3059 899 3138 deorsum
924 3074 1186 3164 retrorsumque
1212 3089 1291 3140 var-

297 3179 361 3278 ‚git
380 3232 389 3252 .

404 3296 564 3376 LXXV.
593 3249 823 3380 Hic-canaiis
843 3317 896 3380 ast
921 3302 1087 3380 cochleae
1112 3305 1289 3408 aquaedu-

299 3427 416 3516 jatus,
445 3436 541 3524 cujus
567 3425 778 3525 principium
803 3440 857 3501 est
880 3429 918 3502 in
945 3451 1032 3503 cavo
1056 3429 1181 3504 scalae·
1197 3444 1288 3532 tym-

302 3611 356 3757 tu)
380 3612 578 3764 ,Taleton¹
599 3673 633 3742 a.
656 3673 755 3768 neg.
818 3677 889 3788 ln)
912 3672 992 3746 tuta.
1016 3675 1070 3766 ug.
1094 3677 1127 3745 5.
1153 3678 1229 3744 sn.-

359 3777 428 3844 5.f.
703 3855 740 3866 ,,
847 3783 994 3879 (QTab.
1017 3808 1046 3851 ι.
1070 3787 1124 3880 fig.
1152 3810 1184 3856 1.
1204 3811 1269 3882 pp.

315 3886 461 3977 (τ)11)ίά.
486 3888 538 3982 fig.
562 3886 595 3960 6.
619 3891 644 3960 t.
886 3895 941 3990 fig.
965 3916 1064 3996 nnn,
1228 3956 1233 3967 .
