2790 4872
560 425 654 524 (r)

296 577 866 750 'rasurarro
999 775 1005 784 Ι

427 991 774 1056 Μυκα-

124 1169 387 1382 Egregiam
418 1297 598 1386 semper,
619 1267 822 1383 longeque
837 1263 1094 1385 praeclaram

124 1430 218 1490 suae
256 1405 409 1498 dedere
440 1413 610 1528 operam
641 1409 717 1496 arti
750 1409 923 1498 humaui
945 1439 1103 1528 corpo·

124 1542 175 1628 ris
205 1544 389 1636 fabricae
420 1571 701 1660 scrutatores,
731 1577 830 1638 cum
873 1581 897 1638 a
941 1550 1101 1666 promi-

124 1709 222 1768 scuo
257 1690 437 1797 partium
468 1689 654 1774 omonrm
686 1690 905 1796 examine,
937 1685 992 1774 ad
1022 1717 1101 1804 pe·-

125 1821 322 1910 culiarenr
354 1826 634 1940 particulam,
667 1828 752 1912 sive
781 1855 858 1911 usu
880 1845 1098 1940 praestan-

127 1960 306 2071 liorem,
340 1963 427 2049 sive
459 1985 664 2051 structura
692 1963 870 2050 maxime
913 1958 1104 2050 recondi-

130 2113 242 2209 tam,
278 2102 472 2214 singulari
503 2101 739 2206 industria,
763 2098 985 2218 studioque
1006 2130 1105 2214 per·

126 2229 384 2326 lustrandam
418 2241 679 2326 transierunt.
714 2237 777 2322 lta
810 2265 995 2354 namque
1039 2231 1104 2320 fa«

129 2397 239 2461 ctum
279 2399 372 2490 cst,
405 2401 452 2464 ut
482 2383 591 2466 circa
621 2373 850 2492 simplicius
895 2374 1107 2488 objectum

134 2518 316 2624 versati,
349 2539 392 2602 et
422 2513 545 2630 plura
575 2517 873 2634 perspexerint,
894 2534 936 2602 et
965 2515 1106 2624 singu·

134 2649 284 2740 larium
316 2646 524 2772 praecipui
556 2655 730 2769 alicujus
750 2653 891 2768 organi
907 2652 1107 2768 partium,

137 2792 294 2904 situm,
326 2795 530 2906 lormam,
562 2793 795 2902 lubricam,
827 2789 1107 2896 relationem,

135 2949 173 3014 et
201 2963 326 3020 usum
361 2931 596 3048 diligentius
627 2929 949 3046 pervestigarint.
976 2922 1108 3036 Quod

133 3097 227 3156 cum
259 3093 398 3160 nostra
430 3073 672 3190 praesertim
705 3089 838 3156 aetate
884 3067 928 3150 in
974 3064 1110 3184 pluri·

135 3208 212 3294 mis
244 3211 466 3323 partibus,
498 3233 540 3296 et
581 3207 753 3327 quidem
796 3209 1109 3322 praestantiori·

135 3345 212 3435 bus
244 3353 299 3434 sit
329 3351 596 3460 lectitatum,
628 3351 685 3436 ita
715 3377 778 3434 res
800 3349 1033 3435 anatomica
1050 3347 1105 3434 ab

136 3485 394 3578 humililate
436 3486 725 3606 pervenitad
769 3505 1020 3596 summurn,
1066 3506 1114 3570 ut

137 3624 255 3714 facile
285 3627 492 3740 rideatur,
508 3626 625 3748 quod
655 3649 800 3714 natura
822 3627 900 3714 lert
918 3631 960 3712 in
977 3627 1115 3710 omui·

27 3861 28 3870 ,
138 3761 217 3854 bus
247 3769 402 3880 rebus,
435 3801 523 3856 eam
557 3766 724 3854 tandem
758 3767 964 3881 fastigium
997 3793 1109 3852 asse·

145 3929 280 4010 cutam
312 3911 556 4012 constitisse.
591 3907 804 4006 Merentur
835 3929 976 4006 tamen
999 3935 1120 4020 orga-
1186 4023 1190 4044 1
