2760 4874
784 330 792 367 l

519 376 658 467 oo>

237 601 528 712 rinnon
568 597 927 694 sncnnon.

182 885 464 986 Repraesentat
487 885 612 959 solam
637 901 784 986 panem
817 885 1066 986 posteriorem

83 1007 268 1082 dextram
293 989 399 1082 desis
423 1006 630 1084 calvariae
656 1015 830 1084 internae
856 1007 961 1083 dura
997 1008 1068 1084 ud·

83 1129 156 1204 leue
181 1143 303 1202 matre
328 1121 505 1220 indutae,
533 1134 573 1201 in
599 1154 676 1230 qna
702 1135 852 1232 integra
877 1137 983 1232 regio
1012 1153 1075 1204 os·

83 1255 135 1323 sis
160 1255 334 1348 petrosi,
357 1263 394 1322 et
420 1247 557 1322 baseos
583 1247 752 1322 dextrae
776 1274 966 1324 camarae
1009 1277 1072 1325 oe·

85 1374 224 1469 cipitii,
249 1374 459 1468 conspicua
486 1385 571 1462 est,
600 1396 683 1444 enm
703 1377 874 1447 cavitate
888 1369 1073 1448 osembru-

86 1514 164 1566 nea
190 1491 460 1592 aquaeductus
486 1491 659 1572 uestibuli
689 1497 917 1594 paeduceo,
960 1495 1067 1568 senis

86 1610 361 1712 lymphaticis,
389 1637 490 1713 quae
515 1612 567 1690 ab
593 1639 641 1690 ea
667 1623 875 1706 oriuntur,
903 1629 940 1688 et
965 1629 1071 1688 trun·

87 1741 144 1810 eis
170 1743 334 1810 omnium
346 1785 348 1790 -
358 1760 565 1810 neruorum
582 1759 608 1808 a
623 1736 781 1811 cerebro
796 1735 1077 1837 prodeuntium,

90 1884 117 1932 a
142 1863 255 1932 tertio
281 1863 372 1958 pari
397 1856 453 1930 ad
477 1881 631 1932 nouum.

131 2107 174 2171 A.
200 2105 282 2174 Basis
305 2103 408 2172 dextra
444 2105 558 2174 mediae
580 2105 728 2173 calvariae
751 2125 887 2170 camerae
907 2151 917 2185 ‚
941 2105 973 2168 in
989 2125 1081 2194 quum

199 2227 292 2303 caput
314 2211 377 2278 lobi
403 2217 571 2306 posterioris
595 2215 707 2280 cerebri
728 2235 758 2278 se
781 2215 929 2286 insinuat,

133 2316 173 2383 B.
198 2321 318 2385 Arteria
340 2325 497 2410 meningen
520 2325 637 2410 major,
664 2343 740 2412 qnae
763 2343 814 2410 per
847 2323 979 2388 foramen
1012 2327 1076 2414 spi·

200 2453 306 2495 nomm
328 2434 398 2496 ossis
421 2429 608 2520 sphaenoidis
631 2429 780 2499 calvariae
795 2453 904 2498 cavum
928 2437 1069 2522 ingressa,

206 2561 256 2625 per
279 2537 385 2604 duram
409 2554 535 2606 matrem
558 2538 759 2606 distribuitur.

136 2649 179 2715 C.
204 2649 279 2714 Pars
302 2649 394 2718 durae
416 2655 519 2716 matris
541 2661 707 2715 extrorsum
730 2649 929 2741 propendens.

134 2755 179 2822 D.
206 2763 279 2828 Pers
302 2758 411 2826 dextra
434 2756 524 2823 sellae
548 2759 688 2846 equinae.

136 2864 178 2930 Ε,
205 2863 322 2930 Dextra
343 2857 408 2956 par's
431 2865 533 2930 baseos
556 2887 693 2930 camarae
717 2859 884 2957 posterioris
907 2861 1080 2944 calvariae,

204 2979 233 3037 io
257 2999 322 3063 qna
345 2976 447 3042 dexter
470 2971 609 3039 cerebelli
633 2972 719 3038 lobns
745 2971 929 3040 collocatur.

135 3081 179 3147 F.
205 3087 311 3149 Pontio
334 3081 426 3150 altera
449 3083 541 3149 durae
563 3089 666 3148 matris
689 3096 852 3148 extrorsum
874 3075 1027 3144 devolutae

98 3189 185 3257 GG.
209 3189 357 3256 Medietas
379 3190 483 3257 dextra
505 3191 659 3258 foraminis
697 3191 833 3280 occipitio
872 3189 1001 3276 magni,
1025 3211 1080 3278 per

208 3300 291 3389 qnod
316 3301 465 3391 egreditur
486 3296 610 3390 spinalis
632 3293 777 3360 medulla.

143 3407 184 3471 H.
212 3410 402 3500 Principium
424 3405 546 3498 spinalis
569 3401 757 3472 medullaea
786 3399 911 3467 caudice
934 3397 1086 3467 medullae

210 3516 392 3606 oblongatae
415 3529 611 3606 separarum,
635 3524 665 3577 et
686 3533 738 3602 per
754 3509 884 3574 medium
911 3508 1085 3574 dissectum.

211 3625 249 3692 ln
271 3647 308 3689 eo
335 3631 377 3686 est
400 3645 466 3711 pars
488 3621 637 3690 foraminis
663 3669 673 3702 ‚
699 3618 784 3710 quod
807 3615 917 3683 calami
938 3618 1086 3706 scriptorii

209 3754 314 3800 creone
336 3731 588 3812 continuabatur,
605 3721 635 3792 el
658 3729 806 3816 virgarum
821 3723 941 3815 spinalis
961 3721 1077 3791 medul-

214 3841 262 3911 lae
286 3841 388 3915 dextra
410 3861 477 3928 pus
500 3839 675 3928 conspicue.
