2790 4872
733 496 813 585 (¹⁰
834 497 855 584 )’

275 679 457 763 gressum
488 644 542 736 ad
571 649 717 753 hunc,
751 645 1096 762 divisionemque.
1121 644 1251 734 Hunc

275 813 414 877 autem
445 818 635 896 nervum,
653 808 817 902 septum
849 783 1144 872 adumbratum
1176 785 1246 874 Cl.

274 925 505 1038 Morgaguo
537 926 633 1038 (¹¹),
665 951 807 1010 verum
842 943 977 1008 tamen
1019 925 1251 1036 integrum·

273 1093 358 1180 que
388 1063 521 1150 facere
551 1064 655 1148 intra
687 1061 942 1148 vestibulum
987 1059 1247 1150 demonstra-

275 1203 316 1295 vi
339 1233 353 1314 ς
387 1236 408 1288 a
441 1235 527 1319 quo
543 1205 695 1290 cavitas
713 1205 815 1286 haec
832 1201 1026 1319 bipartita
1044 1223 1123 1288 est.
1141 1201 1252 1290 Tum

274 1341 437 1434 nullum
468 1373 588 1451 esse,
619 1363 691 1426 aut
722 1363 935 1458 penetrare
957 1371 1080 1458 posse
1099 1353 1254 1453 aerem,

278 1504 426 1570 contra
456 1484 644 1568 omnium
674 1471 949 1589 senteutiam,
983 1483 1088 1567 intra
1135 1482 1255 1598 laby-
1285 1535 1315 1566 0

275 1621 492 1731 rinthum,
526 1621 657 1732 evici,
689 1617 762 1706 sed
794 1624 968 1706 humore
1000 1623 1112 1706 hune
1143 1624 1254 1709 intc-

277 1791 349 1874 gre
377 1759 545 1872 plenum
597 1789 698 1845 esse.
750 1757 1019 1843 Consideravi
1071 1757 1255 1876 stapedis

275 1919 439 1982 motum
471 1899 511 1983 in
545 1899 679 1984 omnis
724 1892 862 1982 undae
906 1904 1046 1980 adrcae
1096 1897 1256 2014 impul-t

276 2037 424 2143 sione,
458 2066 640 2152 eumque
673 2032 986 2128 demonstravi,
1018 2037 1257 2120 communi-s

276 2174 358 2270 cari
394 2172 595 2258 vestibuli
626 2171 818 2276 humori,
853 2189 895 2253 et
925 2199 999 2284 per
1029 2171 1141 2258 huuc
1162 2202 1256 2259 uer-.-

274 2343 351 2400 vos
382 2335 601 2399 contentos
633 2315 757 2396 unice
796 2310 888 2394 soni
928 2311 1013 2396 vim
1066 2311 1244 2404 haurire.

276 2448 345 2552 Ex
383 2451 447 2536 his
487 2451 712 2556 omuibus,
753 2448 1060 2562 simplicissimo
1112 2454 1252 2538 couti·-

275 2613 490 2707 uuatoque
521 2593 766 2688 ratiocinio,
806 2589 1014 2674 canalium
1065 2593 1252 2678 semicir-

202 2799 204 2804 .
277 2730 481 2836 cularium
500 2758 621 2812 usum
654 2725 827 2836 deduxi,
846 2759 893 2812 ac
916 2725 1081 2814 tandem
1100 2759 1259 2847 aquae-

276 2863 481 2981 ductuum
514 2869 826 2973 necessitatem‚
880 2866 1034 2980 quibus
1064 2868 1254 2956 absenti·

250 3004 387 3120 ltus,
420 3007 554 3090 omnis
585 3002 784 3089 audiendi
826 3001 1000 3090 facultas
1045 3004 1254 3093 adimere-

274 3165 360 3230 tur.
395 3144 483 3230 Hos
517 3144 687 3230 demum
720 3141 1008 3261 aquaeductus
1038 3146 1254 3262 descripsi,

276 3309 503 3396 eorumque
534 3285 704 3368 historia
728 3281 892 3391 tradita,
917 3285 1102 3374 collectis
1118 3289 1260 3380 omui·

273 3423 379 3530 bus,
411 3425 560 3508 ultimo
593 3423 797 3528 breviter,
832 3421 906 3508 sed
939 3454 1045 3510 nova
1068 3415 1261 3534 ratione,¹

276 3564 504 3676 explicavi,
538 3558 640 3679 quid
670 3562 747 3646 siat
778 3565 883 3650 iutra
916 3595 1022 3675 uos,
1056 3597 1152 3654 cum
1180 3595 1260 3654 au·

276 3699 442 3812 dimus,
479 3721 519 3784 et
549 3729 623 3784 cur
653 3731 802 3788 nervos
834 3701 994 3792 auditui
1019 3703 1256 3806 destinatos

678 3891 858 3912 nunna*

346 4001 413 4094 “()
436 4000 537 4096 Epist.
560 4005 654 4076 Anat.
679 4003 760 4074 ΧΗ.
783 4011 814 4094 5.
840 4005 894 4086 52,
1163 4023 1172 4104 ξ
1238 4064 1261 4104 ,ι
