2756 4874
761 490 877 582 (⁵²)

309 669 401 760 Qua
429 666 466 738 ia
498 684 535 736 re
577 659 722 736 minime
760 657 905 760 quidem
936 657 1177 733 demonstrare
1218 681 1300 732 coo·

318 785 449 870 teudo,
483 781 651 858 Virorum
675 779 782 852 luisse
803 778 1088 854 Clarissimorum
1114 799 1300 880 cominen-

318 922 417 998 tum,
437 911 516 980 ae'rr'
528 911 563 976 in
579 897 802 1004 labyrintho
819 901 942 980 lorum
960 921 1065 986 esse,
1084 923 1166 970 cam
1185 887 1302 968 et'vi.
1374 903 1375 914 ¹

315 1025 406 1101 disse
420 1026 609 1127 potuerint,
629 1037 663 1096 et
687 1047 732 1095 ex
756 1021 952 1094 observatis
978 1018 1024 1094 de
1049 1022 1123 1118 ejus
1148 1019 1302 1092 existen·

312 1150 360 1220 tia
386 1146 587 1248 jrtdicasse3
615 1143 679 1218 sed
702 1140 792 1214 illud
817 1144 930 1239 potius
956 1142 1143 1228 existimo,
1179 1165 1239 1213 cos
1263 1140 1303 1213 in
1374 1219 1375 1222 Ἴ

315 1269 460 1342 auribus
484 1267 596 1367 longo
622 1279 702 1363 post
727 1277 883 1364 mortem
905 1275 1068 1361 tempore
1093 1261 1301 1362 inspexisse,

314 1402 375 1462 out
400 1387 427 1459 si
456 1388 562 1462 citius
591 1383 842 1480 inspexerunt,
875 1404 947 1451 non
967 1382 1012 1452 ita
1027 1392 1127 1452 caute
1143 1378 1301 1480 labyrin·
1374 1391 1375 1396 ’

312 1504 417 1578 thum
446 1501 700 1603 perlustrasse,
729 1497 1029 1600 quemadmodum
1055 1498 1138 1574 huic
1163 1502 1213 1573 rei
1240 1497 1300 1570 de·

314 1623 491 1696 finiendae
517 1620 750 1698 necessarium
778 1633 842 1690 ast.
870 1619 1019 1710 Quoties
1031 1620 1128 1692 enim
1145 1618 1238 1692 auris
1248 1645 1302 1691 re-

314 1741 541 1831 centissima,
568 1755 604 1813 et
628 1743 792 1840 integra,
820 1762 884 1809 nec
911 1735 1047 1808 dimoto
1074 1740 1216 1837 stapede
1256 1739 1301 1812 ad

250 1853 257 1866 ⁴
314 1857 577 1932 observandum
603 1857 813 1948 assumitur,
841 1855 926 1929 dum
954 1857 1080 1932 leviter
1104 1872 1219 1958 stapes
1255 1858 1300 1929 de

186 1965 190 1972 ¹
310 1977 460 2052 fenestra
488 1980 581 2054 ovali
607 1977 828 2068 subducitur,
847 1989 961 2052 totum
978 1979 1193 2080 vestibulum
1211 2007 1302 2080 aqua

314 2100 558 2196 planissimum
585 2099 800 2172 observatur.
831 2097 909 2171 huo
935 2101 1013 2172 siin
1033 2103 1106 2199 ipsa
1126 2103 1300 2176 calvariae

310 2215 418 2307 husi,
445 2218 570 2317 aliquis
597 2218 769 2292 canalium
796 2219 1110 2296 semicircularium
1137 2249 1209 2294 uno
1224 2225 1300 2298 ictu

307 2331 501 2434 frangatur,
519 2336 637 2410 lumen
650 2363 736 2436 aqua
748 2336 1177 2436 plenissimum-ostenden
1198 2341 1299 2442 quod

311 2463 345 2521 ct
369 2453 406 2522 in
434 2453 578 2526 cochlea
605 2454 747 2528 discissa
773 2455 1096 2531 manifestissimum
1123 2473 1186 2534 est.
1206 2461 1298 2534 Sen-

257 2567 259 2572 ’
309 2571 379 2648 sim
406 2572 491 2644 inde
516 2573 573 2646 hic
599 2571 729 2650 humor
750 2577 922 2675 patefacto
948 2577 1152 2679 labyrintho
1170 2607 1297 2654 avana·

309 2692 404 2778 scit,
433 2695 561 2792 partim
586 2697 631 2770 ab
657 2697 897 2795 atmosphaera
914 2697 1148 2799 absumptus,
1166 2707 1297 2801 partim

311 2835 332 2881 a
358 2812 482 2884 vicinis
507 2813 644 2888 ossibus
669 2817 799 2887 sensim
827 2818 1009 2891 exsiccatis
1028 2819 1244 2912 imbibitus3
1262 2837 1299 2896 et

307 2954 462 3004 vacuum
488 2936 646 3033 nuspiam
675 2935 875 3006 naturaliter
900 2932 1024 3009 v‘erurn
1034 2936 1219 3039 relinquit.
1239 2939 1298 3016 Ex

307 3047 361 3120 liis
386 3075 453 3122 non
480 3050 672 3151 incongrua
700 3052 840 3126 videtur
866 3057 1081 3153 comparatio
1095 3057 1186 3131 facta
1203 3045 1296 3130 intlrr

104 3176 114 3186 ²
178 3165 179 3168 ’
304 3167 450 3270 pulpam
478 3173 577 3247 nervi
605 3173 712 3272 optici
739 3175 888 3248 retinam
914 3175 950 3248 in
969 3175 1076 3248 octdo
1093 3177 1295 3271 facientem,

305 3297 341 3356 et
365 3284 427 3358 hus
453 3290 595 3362 ocustici
613 3293 712 3366 nervi
731 3295 974 3391 expansiones:
991 3323 1104 3399 aequa
1121 3300 1215 3373 enim
1236 3325 1300 3401 per

300 3402 473 3479 foramina
499 3410 535 3482 io
561 3414 646 3484 retis
672 3411 823 3486 sormam
849 3415 1018 3511 disposita
1056 3441 1135 3490 suas
1171 3445 1294 3498 caveas

301 3524 434 3597 intrarit
452 3553 598 3629 ,aeque
624 3529 823 3606 humectata
850 3532 1072 3628 detinentur,
1101 3560 1212 3638 aeque
1238 3563 1297 3615 su.

301 3651 450 3718 stentata
465 3699 474 3717 .

403 3764 532 3840 XXX.
561 3773 660 3880 Quot
687 3796 770 3874 ergo
798 3773 993 3866 foramina,
1022 3801 1086 3875 per
1111 3739 1200 3878 quae
1217 3805 1295 3856 ner·

302 3876 344 3958 ri
364 3884 400 3958 in
428 3886 646 3963 vestibulum
671 3892 926 3970 intranthon
953 3894 1057 3990 duo,
1085 3911 1124 3970 ut
1147 3898 1301 3978 fortasse
