2760 4874
703 409 843 502 (ψ)

266 571 350 650 dem
375 571 563 648 amittere.
591 568 773 650 Nimirum
798 571 914 652 studia
938 571 1088 648 floruere
1111 598 1195 650 cum
1210 576 1254 648 iu
1362 543 1363 552 .

182 713 197 737 ⁸
269 693 367 772 civili
409 695 615 770 oeconomia
652 720 777 772 eorum
817 721 954 770 caussae
992 695 1253 788 constiterunt,

269 839 351 890 oum
377 815 475 890 omni
500 813 613 894 laudis
650 840 816 919 genere,
855 817 952 892 omni
988 816 1259 917 praerogativa,

272 934 369 1012 omni
394 949 593 1036 apparatu,
618 937 670 1010 ita
696 935 837 1039 publice
861 935 1042 1012 observata
1067 945 1174 1028 sunt,
1200 959 1261 1008 or·

270 1067 380 1146 nuta,
406 1065 538 1146 aucta,
563 1069 603 1128 ut
627 1069 809 1158 tamquam
832 1058 1052 1149 maximam,
1080 1068 1115 1130 et
1155 1077 1258 1157 prae·

168 1187 173 1198 '
235 1207 241 1220 ’
273 1177 524 1260 stantissimam
550 1173 663 1251 civilis
689 1175 780 1253 vitae
805 1188 943 1277 partem
968 1175 1155 1275 supientiae
1181 1184 1259 1251 stu·
1292 1240 1298 1259 ,

275 1297 332 1372 dia
358 1321 395 1372 se
419 1293 669 1371 ostenderent:
694 1293 744 1369 At
783 1294 846 1369 uhi
879 1295 1016 1368 litterae
1055 1292 1152 1368 omui
1193 1319 1260 1392 pu»
1362 1331 1363 1342 κ

138 1513 140 1518 ¹
274 1416 371 1492 blico
412 1415 633 1505 certamine,
674 1413 845 1516 omnique
885 1427 1009 1488 ornatu
1035 1463 1046 1499 ‚
1073 1436 1114 1484 sc
1150 1409 1265 1488 veluti

276 1561 427 1637 pompa,
452 1530 661 1606 interdictae
686 1547 802 1626 sunt,
843 1531 1056 1636 adactaeque
1096 1559 1134 1607 sc
1171 1534 1262 1608 iutra

278 1654 477 1731 scholarum
503 1653 702 1745 caucellos,
730 1669 915 1757 tamquam
955 1653 1118 1757 perfugas
1156 1653 1263 1728 abde·
1362 1717 1363 1734 ,

273 1798 337 1867 re,
364 1791 399 1850 et
426 1775 632 1866 continere,
661 1775 847 1878 despectui
872 1774 993 1850 haberi
1009 1788 1090 1851 sunt
1105 1789 1262 1877 caeptee3

279 1910 314 1970 et
341 1897 504 1969 exteriori
530 1894 587 1968 illa
614 1909 710 1970 veste
736 1894 927 1989 detracta,
968 1895 1150 1996 paullatim
1190 1895 1266 1998 pla-

282 2037 361 2092 ccre
386 2014 583 2090 desierunt.
611 2015 733 2090 Honos
758 2013 820 2088 alit
864 2027 983 2106 artes,
1025 2039 1135 2116 quem
1178 2016 1269 2114 opti
1362 2027 1363 2034 ’

281 2138 537 2239 enusquisque
564 2139 599 2210 in
625 2136 770 2236 publico
794 2131 920 2237 plausu
945 2134 1123 2210 collocat.
1164 2135 1269 2240 Iuge-

282 2258 383 2330 nium
408 2268 581 2330 ostentare
606 2279 644 2328 se
685 2268 806 2347 amat,
852 2267 888 2328 et
927 2255 1105 2355 proferri,
1134 2267 1169 2328 at
1207 2281 1269 2356 spe
1362 2303 1363 2308 ,

280 2374 396 2460 laudis
421 2377 557 2470 alitur,
585 2390 620 2450 et
643 2372 871 2480 grandescit.

283 2653 310 2694 a
334 2621 502 2696 Excitat
518 2620 676 2696 auditor·
688 2621 871 2714 studium,
896 2618 1270 2722 laudataqueotrrus

284 2773 312 2817 u
341 2741 513 2835 Crescit,
542 2755 579 2818 et
603 2748 819 2818 immensum
834 2741 961 2846 glorio
981 2742 1123 2816 calcar
1136 2738 1271 2816 habet.

288 2981 384 3058 Nam
412 2979 574 3058 homiues
598 2981 758 3059 sensibus
784 2981 986 3074 trahimur,
1013 2995 1048 3055 et
1073 3006 1129 3056 res
1172 2983 1275 3055 aesti-

287 3126 429 3177 mamus
455 3104 568 3204 magis
594 3129 661 3204 qua
687 3115 882 3204 apparent,
910 3129 1016 3203 quam
1056 3128 1126 3204 qua
1168 3114 1275 3176 sunt.

288 3222 472 3297 Virtutem
495 3225 535 3296 io
560 3223 754 3323 republica,
773 3225 803 3297 si
829 3249 937 3325 quam
962 3221 1080 3297 valere
1106 3222 1277 3312 volueris,

291 3367 377 3416 orna
401 3395 417 3436 ,Α
439 3354 475 3413 et
500 3343 672 3418 ostende.
719 3342 831 3443 Ajunt
871 3340 1185 3428 Themistoclem,
1212 3340 1278 3414 mi·
1362 3399 1363 3436 ,

295 3459 455 3536 rantibus
480 3463 517 3533 in
543 3483 586 3534 eo
625 3462 859 3535 mutationem
891 3461 1013 3553 ritae,
1051 3482 1279 3558 caussamque
1362 3507 1363 3514 κ

299 3579 553 3677 quaerentibus
578 3577 827 3678 respondisse,
865 3576 956 3652 illud
996 3576 1166 3654 Miltiadis
1212 3590 1282 3650 tro·
1362 3587 1363 3666 j

298 3698 455 3800 piraeum
480 3700 547 3772 sibi
589 3723 729 3774 somnos
766 3699 952 3776 adimere.
995 3699 1096 3773 Adeo
1130 3697 1283 3773 tributus

189 3867 195 3877 ·
301 3818 426 3893 virtuti
452 3818 617 3918 publicus
642 3819 753 3895 honos
793 3818 930 3894 animos
973 3816 1141 3909 mordet,
1181 3829 1283 3919 atque

304 3938 349 4013 ad
377 3942 544 4019 virtutem
581 3943 808 4024 inflammat.
845 3941 912 4044 Est
948 3942 1068 4042 itaque
1112 3939 1146 4014 iu
1180 3940 1286 4041 ipsius
1362 3935 1363 3948 ’
