2756 4874
756 415 899 520 'tuot

326 597 454 689 mino,
481 589 675 672 Dominico'
696 587 857 697 cyrillo,
884 593 1078 697 jucundum
1120 589 1186 670 lroc
1230 623 1312 672 sane

328 716 598 820 spectaculum,
637 712 734 816 quod
760 713 897 788 scilicet
941 711 1092 812 impulso
1118 741 1136 786 a
1163 717 1312 789 cavitate

328 835 566 939 aquaeductus
591 832 764 909 mercurio
789 833 827 906 in
866 832 1007 907 vascula
1032 831 1114 904 inde
1153 849 1307 923 exorta,
1370 891 1371 920 ,

331 959 485 1059 ipsisque
510 952 661 1030 vasculis
684 954 823 1052 pressis,
851 977 934 1026 cnm
972 955 1173 1027 mercurius
1198 951 1324 1026 oculis
1370 963 1371 966 ’

329 1080 374 1153 ab
401 1079 528 1153 nostris
552 1077 764 1177 disperiret,
793 1076 946 1150 dissecto
971 1077 1104 1152 laterali
1134 1081 1211 1158 sinu
1236 1137 1248 1173 ,
1276 1083 1310 1156 in
1370 1072 1371 1112 ³

329 1227 372 1276 eo
397 1223 541 1273 omnem
569 1202 644 1298 ejus
669 1199 902 1300 quantitatem
930 1198 1114 1274 collectam
1150 1201 1313 1276 observa·

328 1322 459 1394 rimus.
488 1317 565 1390 lmo
591 1341 694 1418 saepe
720 1319 836 1392 sinum
879 1316 1184 1414 praescindendo,
1213 1321 1313 1392 inde·

330 1463 400 1542 que
425 1436 816 1538 premendovascula,
843 1435 888 1509 ab
913 1463 1037 1510 eorum
1079 1439 1245 1512 extremis
1271 1465 1308 1510 o-

325 1559 431 1634 sculis
449 1559 485 1632 in
512 1560 591 1634 sinn
619 1558 848 1660 patentibus,
884 1560 1100 1634 mercurium
1141 1557 1312 1656 depluere

330 1678 587 1778 conspeximus.
615 1683 711 1756 Dum
736 1706 824 1756 vero
848 1677 981 1751 isthaec
1007 1690 1183 1750 tentantur
1223 1675 1312 1750 levis

313 1809 472 1889 'caueam
500 1801 718 1903 saeculisque
744 1803 877 1901 pressio
900 1797 1111 1900 applicanda
1138 1811 1204 1886 est,
1230 1824 1313 1873 nam

215 2007 220 2014 ,
327 1921 358 1996 si
381 1920 497 1997 valida
523 1948 563 1996 ea
591 1937 669 2012 est,
694 1919 892 1996 mercurius
917 1921 1026 1994 nimia
1051 1920 1087 1994 ri
1113 1921 1268 2018 parcitus
1297 1974 1308 2012 ,

318 2042 589 2131 amenitatis,
615 2054 675 2114 aut
714 2038 988 2114 canaliculorum
1031 2037 1135 2110 latera
1178 2055 1309 2142 urget,

322 2161 435 2261 inque
469 2158 700 2234 cellulositate
723 2173 874 2258 vagetur
899 2159 992 2230 inter
1024 2157 1170 2232 laminas
1196 2157 1305 2234 durae

320 2282 449 2358 matris
474 2280 711 2380 interposita.
740 2279 837 2354 Haec
862 2293 980 2354 autem
1008 2305 1172 2354 vasorum
1197 2281 1311 2381 reple-

324 2401 405 2493 tio,
435 2400 610 2476 mercurio
638 2400 683 2473 ab
724 2399 962 2499 aquaeductus
1003 2399 1152 2476 cavitate
1189 2425 1309 2498 presso

321 2527 536 2617 procurata,
564 2515 703 2592 felicius
726 2518 953 2608 instituitur,
996 2518 1137 2618 quando
1180 2521 1311 2596 cavitas

324 2636 385 2710 illa
412 2637 648 2740 aquaeductus
673 2639 901 2716 membraneo
942 2667 1013 2714 non
1045 2641 1152 2716 nimis
1191 2643 1311 2744 ampla

213 2819 223 2836 ,
321 2771 388 2832 est.
419 2759 471 2832 Ita
498 2785 673 2860 namque,
702 2774 737 2835 et
762 2787 873 2861 pauco
888 2761 1093 2863 indigemus
1118 2767 1309 2859 mercurio,

317 2891 363 2952 ,et
388 2876 473 2953 huic
499 2903 618 2978 presso
647 2879 813 2970 nullum,
841 2884 908 2958 nisi
934 2883 977 2955 ad
1002 2884 1161 2982 proxima
1202 2909 1304 2960 raso·

321 3024 404 3073 rum
431 3000 572 3094 oscula,
588 2999 778 3102 diffugium
803 3016 913 3102 patet.
935 3004 1009 3080 Sed
1035 3005 1175 3104 quando
1198 3011 1312 3084 nimia

281 3167 296 3192 r
326 3131 380 3190 est
405 3119 567 3194 caritatis
593 3119 813 3219 amplitudo,
841 3144 956 3222 neque
981 3122 1107 3224 repleri
1133 3127 1311 3200 mercurio

324 3251 473 3339 potest,
499 3266 543 3312 ne
568 3241 725 3340 pondere
751 3241 809 3314 hic
826 3267 917 3332 suo,
944 3243 988 3320 ad
1014 3244 1311 3345 levempressio·

322 3381 430 3448 uem,
458 3359 617 3433 caritatis
644 3360 819 3433 ambitum
844 3359 952 3462 longe
976 3359 1114 3462 lateque
1139 3363 1310 3462 repellat,

327 3505 394 3552 nec
419 3505 529 3582 pauca
556 3482 724 3554 mercurii
751 3492 913 3582 usurpata
939 3485 1113 3582 quantitas
1138 3483 1311 3559 sic-indi·

213 3675 215 3681 Α
313 3601 376 3697 οεἰς
394 3591 500 3703 ‚spice
525 3603 696 3676 contineri
725 3615 866 3702 potest,
896 3613 936 3676 ut
959 3601 1117 3702 pressio,
1144 3605 1180 3676 in
1207 3631 1314 3680 oscu-

195 3736 205 3749 “
231 3705 502 3829 utum-purius
528 3724 753 3798 vasculorum
780 3750 799 3796 a
825 3724 992 3797 lateribus
1019 3729 1179 3802 caritatis
1197 3729 1315 3802 orien-

321 3845 429 3936 tium,
456 3872 561 3947 quam
580 3845 617 3918 in
634 3847 849 3945 superfluam
874 3849 1075 3931 cavitatem,
1093 3851 1313 3923 mercurium

289 3960 426 4040 'ducat
454 4017 463 4039 .
494 3966 681 4058 Praeterea
715 3964 778 4040 ubi
813 3991 919 4078 parva
960 3963 1091 4079 equitus
1131 3978 1184 4055 est
1202 3957 1228 4062 ,'
1243 3995 1315 4045 uua
