2790 4872
684 513 826 620 (aaa)

262 671 477 748 Universitati
505 667 616 744 denuo
642 672 867 757 reformatae,
894 701 982 750 anno
1012 681 1137 771 1812,
1177 677 1245 777 pri⁴

264 819 344 864 mus
369 792 490 866 Rector
514 792 711 868 Cotunnius
726 795 883 890 positus,
911 793 1066 896 pleraque
1102 796 1136 868 in
1167 817 1243 872 eam

263 917 454 1012 provocavit
478 925 698 1006 ornamenta,
724 912 851 1014 quibus
887 915 1123 1015 Gymnasium
1161 916 1245 990 illud

272 1036 451 1135 princeps,
486 1034 644 1135 publicae
674 1034 874 1108 adeuntium
913 1037 1112 1110 institutioni
1149 1037 1245 1111 addi„

264 1169 392 1250 ctum,
419 1155 677 1230 honestaretur:
706 1169 740 1227 et
779 1181 845 1228 non
863 1183 968 1254 pauca
993 1162 1075 1232 item
1100 1159 1142 1232 ad
1167 1185 1244 1258 pro-

145 1283 154 1370 ᾗ
264 1276 430 1350 sessorum
454 1289 578 1350 sortem
604 1280 638 1348 in
663 1268 783 1348 melius
807 1274 1089 1373 provehendam.
1119 1280 1246 1369 Quum

261 1423 373 1488 vero,
402 1399 643 1493 ingravescente
667 1397 739 1492 jam
763 1407 882 1487 aetate,
911 1394 988 1468 inde
1014 1394 1170 1470 decedere
1185 1421 1247 1470 co-

260 1529 423 1615 geretur3
451 1539 649 1592 concessum
673 1515 813 1615 quidem
850 1513 896 1586 illi
921 1528 961 1588 ut
984 1541 1044 1613 per
1068 1513 1175 1588 alium
1200 1515 1247 1586 le-

260 1639 383 1710 ctiones
398 1649 570 1710 consuetas
594 1638 804 1710 continuaret
823 1661 832 1708 :
851 1661 971 1710 verum
987 1663 1164 1737 nunquam
1185 1663 1247 1709 no·

262 1785 341 1832 men
367 1759 553 1848 Cotunnii,
581 1758 642 1830 nisi
667 1785 709 1846 co
741 1757 967 1846 vitalianum,
994 1784 1035 1858 ea
1061 1756 1137 1831 albo
1163 1759 1247 1832 Pro-

261 1877 432 1950 fessorum
455 1877 599 1948 recessit.
1290 1861 1292 1868 ⁴

361 1995 456 2087 Quid
482 1995 593 2070 dicam
618 1996 660 2069 de
686 1997 804 2070 exteris
827 1995 1042 2083 Academias,
1069 2022 1153 2097 quae
1178 1996 1247 2071 Co·

263 2119 423 2192 tunnium
447 2119 532 2192 inter
557 2115 671 2190 Socios
695 2143 864 2192 recensere
888 2117 941 2190 vel
983 2117 1123 2192 maximi
1148 2119 1245 2192 aesti-

260 2240 438 2314 marunt?
477 2240 695 2314 Bononiensis
719 2237 860 2338 quidem
884 2251 959 2312 ante
986 2265 1129 2335 omnes,
1164 2238 1244 2316 inde

234 2361 302 2438 ,ab
328 2387 415 2434 anuo
448 2361 555 2458 1764.
573 2360 759 2434 Hafniensis
783 2373 982 2456 postrema,
1010 2385 1100 2434 anno
1133 2345 1240 2461 1'817.

378 2481 451 2556 Nec
476 2479 716 2554 tantummodo
742 2479 928 2579 Aesculapii
953 2495 1059 2555 artem
1098 2495 1169 2554 tam
1194 2509 1245 2554 se·

260 2597 341 2676 dulo
368 2602 570 2701 egregioque
595 2599 707 2671 studio
732 2597 864 2672 colebat
875 2655 893 2693 „
922 2599 978 2672 sed
1018 2599 1243 2683 eruditionem

158 2745 164 2756 ·
261 2735 457 2823 praetcrea,
485 2737 563 2795 tum
587 2721 827 2820 antiquitates,
855 2733 955 2821 atque
980 2734 1065 2794 artes
1092 2747 1102 2792 ε
1130 2722 1176 2794 ita
1201 2732 1243 2792 ut

258 2846 383 2918 domus
408 2846 502 2944 ejuS,
529 2867 590 2915 ceu
614 2841 757 2914 sanctius
790 2841 985 2942 quoddam,
1013 2840 1241 2942 selectumqne

260 2966 495 3066 repositorium
522 2960 701 3045 haberetur
726 2960 920 3052 libromm,
946 2973 1017 3034 tarn
1043 2959 1242 3051 editorum,

258 3111 369 3185 quam
409 3083 744 3180 manuscriptorum,
772 3079 1010 3180 antiquitatum
1049 3077 1237 3152 omnimodi

244 3207 392 3305 ¹generis
414 3259 437 3296 ,.
453 3201 715 3302 tabularumque
752 3203 1054 3298 praestantiorum,
1081 3225 1165 3299 quas
1207 3213 1241 3272 ct

260 3325 330 3420 ipse
355 3321 426 3394 sibi
445 3333 721 3418 comparaverat,
748 3321 882 3418 acrique
906 3318 998 3390 idem
1034 3318 1161 3417 judicio
1187 3345 1244 3390 ae*

260 3441 452 3534 stimabat,
480 3454 513 3512 et
540 3439 737 3515 illustrabat.
768 3440 856 3537 Ejus
880 3441 1027 3538 profecto
1044 3441 1187 3530 itinera,
1216 3438 1243 3510 si

260 3561 375 3635 lucem
400 3561 610 3662 adspexerint
634 3558 840 3660 aliqnando,
867 3561 1031 3632 universis
1068 3559 1242 3632 ostendent

260 3670 463 3782 perspicue,
506 3696 629 3783 quanta
656 3682 757 3753 firerit
789 3680 964 3753 Dominici
999 3679 1157 3754 Cotunnii
1192 3703 1244 3750 sa-¹
1278 3686 1279 3689 ’

261 3807 383 3905 pientia
420 3805 502 3879 dum
536 3804 618 3904 baec
642 3802 778 3902 perinde
804 3802 918 3874 onmia
950 3812 1175 3898 pertractaret.

363 3924 465 3999 Hisce
489 3923 652 3998 omnihus
677 3921 782 3994 animi
807 3921 999 4019 mentisque
1016 3915 1244 4005 ornamentis,

263 4043 385 4144 quibus
408 4043 644 4118 honestabatur
684 4038 876 4116 Cotunnius
910 4052 1049 4133 noster,
1086 4031 1249 4135 cumulus
