2790 4872
725 411 841 500 (πο)
1089 411 1092 419 ·
1224 495 1226 502 ψ

276 581 313 658 in
340 600 568 657 communem
596 575 752 654 canalem
778 571 916 678 (νυ),
942 579 1002 682 qui
1037 573 1258 660 nestibulum
1387 553 1388 600 ³

273 701 455 808 perforat,
474 698 725 775 terminantur.
1244 787 1247 792 .
1387 685 1388 726 ³

347 869 352 876 -
382 818 428 894 V.
457 821 521 896 His
546 817 727 894 canalibus
751 841 880 894 nomen
905 844 925 890 a
946 817 1167 920 longitudine
1183 816 1263 894 dari

279 953 426 1044 pnss'et:
457 942 519 1016 sed
543 938 629 1014 haec
654 941 765 1040 saepe
782 939 875 1017 varia
900 939 1177 1015 rectneittorum
1202 943 1262 1014 in·

277 1061 496 1163 tettigentiae
521 1060 692 1136 obstaret.
721 1058 846 1133 Asitu
875 1083 988 1160 orgo,
1014 1060 1076 1162 qui
1098 1070 1259 1132 constan·

275 1183 348 1256 tior
373 1193 450 1272 est,
480 1205 604 1257 eorum
625 1178 850 1254 commodius
874 1179 1016 1254 nomina
1039 1192 1265 1279 repetuntur.

275 1303 371 1379 Hinc
389 1305 628 1404 *superiorem
653 1319 795 1392 nomn,
821 1305 1067 1399 posteriorem
1092 1300 1265 1392 aiterum,¹

276 1425 452 1500 uttimum
471 1439 674 1498 externum
700 1420 975 1498 nominabimus.
1004 1421 1078 1516 Qui
1102 1423 1265 1522 superior

129 1588 144 1600 κ
278 1555 330 1616 est
355 1541 442 1640 (o),
472 1542 517 1615 ab
542 1539 708 1616 anteriori
735 1551 770 1612 et
794 1541 969 1642 superiori
994 1539 1161 1615 vestibuli
1186 1565 1265 1640 par·
1387 1573 1388 1578 ¹

276 1677 313 1736 te
340 1665 450 1734 oritur
467 1715 479 1753 ,
507 1673 553 1758 et
568 1686 671 1759 supra
688 1658 841 1760 planum
855 1661 1074 1763 reliquorum
1090 1660 1268 1736 canalium

278 1779 467 1870 efferatus,
495 1782 530 1854 in
557 1781 628 1856 fere
654 1778 862 1857 verticalem
899 1776 1075 1852 horizonti
1116 1801 1265 1852 curvam
1336 1828 1343 1842 =

167 1957 169 1963 .
276 1901 481 1984 inclinatur.
506 1903 575 1980 Hic
600 1927 721 2005 rerem
746 1900 977 2003 posteriorem
1011 1896 1114 1974 fundi
1152 1899 1263 1977 vesti-

277 2017 353 2094 tuti
382 2037 514 2118 partem
542 2021 739 2115 contendit;
768 2049 787 2095 a
815 2047 882 2123 qua
919 2023 1007 2120 duas
1040 2017 1181 2095 circiter
1220 2015 1267 2094 ti-

277 2145 361 2212 neas
385 2141 547 2233 distans,
575 2167 657 2218 cum
683 2145 875 2245 posteriore
901 2141 1016 2218 canali
1041 2141 1114 2214 coit
1138 2139 1176 2212 in
1204 2163 1264 2212 ca-

276 2267 395 2342 netem
422 2290 651 2341 communem
676 2263 760 2367 (p).
788 2265 876 2365 Ejus
899 2265 936 2336 in
963 2263 1101 2365 origine
1141 2260 1268 2353 tumen

280 2385 475 2482 ellipticum
501 2385 700 2484 frequenter
725 2398 801 2474 est,
827 2397 1018 2458 retrorsum
1044 2382 1209 2485 longius;
1231 2393 1268 2481 et

278 2505 324 2575 sb
350 2486 399 2575 ea
415 2529 478 2604 per
503 2503 632 2577 lineam
657 2513 777 2605 prope
793 2505 992 2606 integram,
1021 2501 1270 2576 canalisundi·

279 2649 350 2729 que
374 2623 568 2716 dilatatur,
614 2649 654 2697 ea
679 2639 780 2725 parte
812 2637 955 2724 excepta
985 2675 997 2712 ‚
1023 2621 1266 2723 qnaeoanalis

283 2747 471 2820 exterioris
509 2747 654 2846 attingit
695 2746 883 2848 originem.
914 2745 1104 2844 Ettipticus
1128 2744 1267 2844 reliquo

279 2879 396 2944 tractu
421 2879 497 2959 est,
532 2867 594 2942 sed
618 2893 722 2967 saepe
745 2869 891 2942 varius.
923 2867 1011 2968 Ejus
1036 2863 1274 2965 longitudinis

275 2990 348 3060 axis
373 3013 497 3086 parum
513 2988 670 3089 quinque
695 2987 805 3060 lineas
833 2986 984 3061 excedit.
1003 2985 1071 3059 Hic
1099 2987 1126 3058 si
1152 2985 1188 3057 in
1214 2986 1271 3059 iu·

277 3115 380 3208 tegra
404 3107 578 3182 calvariae
607 3107 682 3180 basi
708 3119 852 3208 utraque
877 3107 914 3179 in
942 3129 1024 3177 aure
1050 3102 1270 3202 contempla·

278 3240 349 3319 tur,
367 3241 564 3304 antrorsum
591 3243 627 3303 et
643 3253 782 3304 sursum
807 3253 891 3303 oum
917 3250 1082 3325 compare
1098 3225 1271 3326 divergit,

277 3345 558 3424 interins‘contra
576 3349 774 3449 convergit,
801 3361 837 3421 et
860 3331 1064 3421 retrorsum.

382 3465 449 3540 Vi.
480 3459 557 3543 Ubi
582 3470 748 3543 terminat
772 3465 900 3542 canalis
917 3467 1102 3564 superior,
1129 3461 1272 3540 duabus

280 3571 385 3662 iineis
408 3613 429 3662 a
445 3577 621 3667 uestibulo
636 3589 782 3678 distans,
809 3590 860 3664 ibi
878 3587 989 3662 oritur
1005 3587 1177 3688 posterior
1193 3587 1272 3689 (q),

682 3722 861 3748 Μ

327 3794 375 3892 (ο)
399 3789 481 3863 Tab.
510 3816 542 3866 ι.
574 3797 627 3890 fig.
654 3819 686 3865 a.
710 3822 740 3865 c.
787 3799 835 3891 (p)
858 3795 941 3865 Tab.
969 3823 997 3864 ι.
1022 3795 1147 3884 tigal*

396 3905 451 3998 fig.
476 3904 552 3979 Μ).
576 3909 629 4002 fig.
653 3905 688 3992 4.
712 3934 740 3976 e.
785 3908 835 4000 (q)
859 3906 939 3974 [bid.
963 3907 1023 3973 dd.
1048 3904 1101 3996 fig.
1117 3901 1184 3974 dx·
1210 3901 1253 3994 fig

328 4091 330 4095 ,
397 4019 453 4112 fig·
483 4007 570 4088 6·i.·
850 4009 1111 4105 4ίΐξη6ὶ.
