2760 4874
532 452 670 548 (¹7⁵)

114 617 216 694 euius
242 617 443 709 societatis,
472 632 575 720 atque
599 621 635 692 in
661 617 760 691 omni
786 617 879 692 hene
910 617 1099 694 constituta

116 743 267 814 Ciuitate
294 769 375 816 eum
401 741 521 814 locum
547 739 744 829 tenebunt,
770 739 865 812 uude
903 743 1020 816 urnuis
1046 743 1100 814 ei·-

114 861 215 932 vium
241 859 436 958 splendor,
464 859 576 933 onmis
601 857 799 958 elegantia,
838 887 945 934 omne
986 863 1102 934 eonsi-

114 979 230 1070 lium,
259 985 441 1081 omnisque
467 981 542 1053 laus
568 991 731 1079 tanquam
756 980 801 1052 de
840 979 934 1052 tonte
959 1007 1099 1084 proma·

116 1114 225 1177 nent.
252 1097 346 1172 Nam
372 1104 496 1172 misera
512 1095 679 1198 'profecto
707 1111 798 1171 esset
821 1099 977 1174 heminis
1014 1128 1100 1174 con·

114 1215 232 1306 ditio,
260 1220 287 1288 si
314 1219 428 1290 omnis
453 1219 540 1290 ratio
567 1219 658 1289 ritae
685 1245 745 1290 sua
771 1231 882 1292 aetate
901 1232 1096 1294 constaret:

113 1357 230 1406 rerum
243 1359 347 1432 qnam
362 1336 571 1434 amplissima
598 1337 765 1436 cognitio,
791 1338 1101 1438 omuinmtempo-

113 1479 194 1524 rum
222 1457 375 1544 inventa,
393 1459 511 1528 omnia
539 1459 637 1548 scita,
653 1455 910 1560 prudenterque
925 1458 1100 1550 consulta,

115 1574 314 1648 litterarum
339 1577 421 1647 fidei
448 1579 754 1656 commisesunt,
780 1591 950 1678 tanquam
964 1581 1099 1678 penori,

114 1707 150 1765 et
176 1695 316 1794 publico
335 1697 472 1769 virtutis
500 1696 631 1768 aerario
643 1723 654 1788 ;
667 1723 739 1797 quo
755 1699 825 1770 vita
841 1697 995 1767 fructum
1022 1725 1102 1796 per-

115 1817 222 1913 cipiat
262 1815 523 1914 praeteritorum
557 1831 773 1918 temporum,
802 1831 838 1888 et
862 1819 958 1919 quasi
986 1819 1102 1889 ornni-

115 1959 178 2008 um
205 1947 358 2008 aetatum
383 1937 499 2010 surore
525 1939 763 2038 transigatur.
803 1939 900 2011 Inter
935 1937 1102 2010 barbaros

116 2069 237 2126 autem
276 2053 462 2146 homines,
504 2055 684 2155 cultosque
715 2055 802 2156 quid
825 2057 994 2144 interest,
1036 2055 1104 2126 nisi

114 2175 208 2274 quod
236 2175 332 2246 alteri
360 2177 479 2248 vivant
503 2203 584 2250 suae
610 2179 703 2250 vitae
720 2187 921 2277 proventu,
949 2176 1049 2250 alteri
1068 2189 1104 2248 et

116 2319 209 2381 suo,
239 2307 273 2364 et
298 2298 454 2368 omnium
481 2295 697 2370 saeculorum
734 2295 959 2368 haereditate
985 2293 1104 2366 fruan-

113 2417 210 2487 tur?
235 2417 300 2487 Est
326 2429 443 2488 antem
470 2418 542 2490 vita
569 2419 604 2488 in
631 2429 703 2489 tam
730 2439 860 2516 magno
898 2414 1011 2518 posita
1047 2414 1105 2486 di·

116 2537 297 2627 serimine,
326 2536 423 2607 utin
452 2561 529 2608 eam
555 2535 764 2636 ingredienti
792 2559 933 2606 neeesse
959 2535 1004 2604 sit
1029 2561 1104 2606 nra·

116 2679 206 2752 gna,
234 2679 279 2722 ne
304 2651 477 2744 offendat,
505 2668 539 2724 et
562 2653 770 2754 tempestiva
787 2652 901 2726 adsint
917 2651 1101 2754 praesidia;

118 2799 202 2844 nam
229 2787 415 2874 expectare
440 2789 480 2847 ut
505 2773 713 2846 offendicula
729 2777 822 2849 vitae
847 2776 925 2876 quis
952 2775 1109 2874 experia-

114 2907 204 2982 tur,
233 2921 303 2994 quo
329 2911 448 2992 postea
476 2909 620 2984 caveat,
648 2895 811 2994 lengum,
839 2907 873 2966 et
901 2921 1041 2995 anceps,
1069 2912 1105 2969 et

116 3040 194 3088 sero
223 3013 309 3085 utile
333 3011 454 3086 soret.
483 3014 644 3113 Cumque
670 3015 805 3086 litterae
831 3013 866 3084 id
908 3026 1107 3112 praestent,

117 3131 216 3233 quud
242 3147 292 3204 est
319 3135 355 3204 in
381 3135 451 3204 vita
480 3134 718 3232 praecipuum,
746 3145 786 3202 ut
811 3158 874 3203 nos
899 3143 1042 3220 cautus,
1070 3143 1106 3202 et

117 3257 309 3326 instructos
335 3256 446 3325 alieno
472 3253 628 3351 periculo
654 3253 809 3336 saciant,
830 3253 1002 3354 praeclare
1019 3251 1108 3322 mihi

115 3373 284 3445 videntur
310 3377 512 3462 censuisse,
540 3373 600 3472 qui
630 3387 763 3450 tantum
790 3371 835 3442 de
853 3371 1024 3444 barbariei
1041 3385 1109 3443 sta·

115 3509 153 3567 tu
178 3503 322 3594 gentem
349 3497 499 3595 aliquam
526 3495 709 3566 recessisse
725 3495 920 3580 aestimant,
938 3507 1107 3594 quantum

117 3618 153 3686 in
181 3615 305 3688 litteris
332 3617 516 3713 profecerit
538 3671 546 3686 .
576 3617 655 3706 Qua
681 3613 725 3684 de
750 3637 789 3683 re
814 3611 978 3712 gratulari
1005 3611 1109 3682 nubis

116 3737 212 3826 licet,
241 3734 340 3835 quod
364 3735 557 3807 litterarum
574 3734 713 3805 laudem
738 3746 809 3803 tarn
838 3757 1017 3834 magnam,
1034 3744 1109 3802 tam

116 3867 288 3941 veterem,
314 3866 386 3924 tam
414 3851 624 3954 praeclaram
654 3849 837 3938 trahemus,
856 3865 894 3924 ut
909 3851 1010 3948 piane
1026 3873 1107 3918 enm

118 3973 265 4074 paucis,
293 3990 398 4076 atque
424 3974 641 4075 praecipuis,
669 3974 778 4072 possit
802 3997 889 4072 gens
926 3979 1039 4042 nostra
1064 3965 1111 4040 de
