2756 4874
535 497 655 586 (ενι)

89 671 237 748 trusum,
266 657 539 760 superscandens
554 659 710 734 canalem
728 683 954 738 communem
967 675 1025 764 (vr
1037 671 1078 769 r)

89 777 167 878 (q).
195 777 326 852 Liueae
352 779 503 877 spatium
528 778 598 852 hoc
624 779 772 854 decursu
798 783 997 880 percurrit,
1026 800 1082 860 at·

89 925 161 999 que
187 912 321 972 mutata
348 895 429 970 inde
443 895 652 984 directione,
670 911 868 972 extrorsum
894 877 1081 976 deorsumss

83 1039 153 1117 qne
179 1029 345 1090 cierentur
371 1015 451 1114 (r),
478 1018 584 1116 inqua
609 1017 668 1090 ills
711 1020 914 1092 terminatur
950 1028 1079 1110 rima,

82 1161 192 1234 qoam
231 1135 268 1208 iu
310 1138 492 1234 posteriori
536 1139 674 1208 interno
722 1135 859 1226 latare,
886 1141 1040 1238 propes
1060 1183 1078 1200 -

83 1279 186 1330 veam
223 1252 459 1353 sigmoideam
486 1309 497 1342 ,
524 1279 564 1328 os
605 1267 789 1353 petrosum
835 1253 941 1328 babet
981 1257 1077 1356 (s),

85 1398 247 1474 quaeque
274 1372 388 1444 eidem
414 1373 534 1446 foveae
561 1399 663 1470 saepe
704 1373 870 1471 parallelo
897 1385 976 1451 est.
1006 1375 1083 1448 Lu·.

88 1521 169 1568 meu
199 1493 301 1594 liujus
328 1495 457 1568 canalis
484 1519 554 1566 nou
581 1496 713 1593 ubique
754 1494 897 1595 aequale
922 1509 1001 1570 est:
1029 1494 1079 1568 ab

89 1614 226 1692 orificio
253 1617 345 1688 euim
373 1615 418 1687 ad
444 1616 562 1690 locum
589 1616 787 1688 inllexiouis
821 1617 988 1690 condono
1014 1616 1076 1688 de·

89 1739 213 1812 crescit
242 1763 251 1810 :
280 1735 347 1808 hoc
368 1750 486 1812 antem
512 1740 547 1808 iu
574 1736 656 1810 loco
696 1740 851 1812 maxime
892 1752 1082 1840 augustum

89 1871 162 1946 est,
190 1874 226 1932 et
253 1884 354 1957 saepe
381 1859 619 1934 tenuissimam
645 1873 789 1950 setam,
816 1861 891 1957 ejus
915 1863 1078 1960 generis,

87 1978 184 2082 quod
210 1979 357 2054 insenius
382 1981 531 2076 (uxrrr
567 1979 582 2070 )
622 1977 842 2070 describam,
887 1983 947 2054 vix
982 1985 1082 2080 apice

16 2181 21 2190 ,
88 2102 171 2174 sinit
208 2097 373 2202 ingredi:
403 2123 584 2178 asumma
628 2123 712 2174 vero
755 2101 948 2197 augustia,
974 2125 1083 2197 qoam

89 2218 167 2294 heic
192 2219 265 2293 loci
293 2218 426 2310 habet,
455 2218 584 2292 sensim
612 2216 789 2293 adfinem
816 2243 926 2318 usque
953 2219 1002 2290 ita
1027 2217 1080 2290 la-

90 2342 220 2432 tescit,
251 2353 287 2414 ut
311 2341 370 2432 si,
397 2339 519 2414 deraso
545 2337 751 2414 sufficienter
789 2341 926 2413 circum
970 2363 1079 2430 osse,

92 2475 295 2563 spectetur,
323 2485 431 2536 corno
456 2461 538 2537 hinc
563 2461 732 2561 illincque
758 2485 998 2559 compressum
1025 2486 1085 2534 re·

92 2596 290 2687 praesentet
324 2581 425 2682 (t).
454 2583 582 2680 ¹Hujus
623 2607 708 2682 ergo
735 2580 864 2654 canalis
902 2581 1084 2656 lomenia

95 2703 230 2780 orificio
259 2699 302 2794 'lt
326 2703 439 2776 lineae
458 2718 592 2802 partem
613 2715 765 2800 aequat,
802 2704 839 2774 in
878 2703 1081 2778 inflexionis

97 2827 176 2900 loco
195 2829 266 2925 71„
292 2825 331 2898 in
356 2826 446 2898 rima
470 2821 592 2900 foveae
608 2819 823 2923 sigmoidoae
849 2825 1025 2920 proxima,
1038 2825 1077 2900 iu

94 2973 202 3047 quam
218 2943 383 3033 desiuit,
412 2956 503 3030 tres,
531 2954 566 3015 et
590 2953 740 3042 quatuor
765 2965 867 3040 saepe
892 2938 1003 3014 lineas
1030 2941 1082 3016 al·

94 3065 255 3140 titudinis
280 3062 430 3136 obtinet.
460 3061 581 3134 Veniat
606 3071 722 3132 autem
749 3058 856 3157 hujus
879 3057 988 3130 rimae
1004 3070 1083 3134 tum

94 3188 231 3276 torma,
259 3211 343 3260 cum
369 3181 518 3256 latitudo
544 3180 773 3282 saepissime:
817 3179 893 3252 aliis
932 3191 1080 3279 augusta

95 3311 231 3397 nimis,
260 3306 339 3380 aliis
364 3305 468 3380 latior
493 3316 572 3393 est,
600 3302 816 3401 frequentior
851 3324 939 3376 vero
983 3323 1081 3372 meu.

96 3453 171 3502 sura
197 3421 392 3498 latitudiuis
419 3427 462 3509 ¹l4
487 3422 600 3494 lineae
627 3432 761 3520 partem
788 3417 877 3492 solet
903 3441 1076 3518 aequare.

97 3545 267 3649 Ejusdem
294 3546 404 3618 rimae
430 3542 545 3642 paries
571 3563 660 3612 uuus
685 3537 838 3614 anterior
864 3549 941 3629 est,
969 3539 1081 3612 couti·
