2760 4874
738 399 875 493 (¹⁸4)

291 584 375 656 usia
402 586 548 666 serrat,
587 571 834 659 observando,
862 566 1151 670 conferendoqoe
1176 587 1274 678 exer»

289 714 409 786 cetur,
436 696 516 796 plus
540 695 659 767 minus
685 692 855 780 extendi,
897 705 932 763 et
971 690 1131 792 ampliari
1173 716 1277 790 opor·

291 829 384 900 teat,
413 840 474 912 pro
494 812 604 884 'varia
623 811 838 912 imaginum,
866 822 944 885 tum
980 808 1169 900 claritate,
1201 822 1277 882 tum

291 957 470 1004 nurnero.
501 927 577 1000 Nisi
605 929 700 999 enirn
727 926 913 999 cerebrum
939 927 1192 1015 confirmetur,
1229 938 1278 996 at·

292 1073 363 1148 que
390 1048 587 1136 consistat,
617 1043 795 1131 stabiles,
815 1042 1052 1144 definitaeque
1077 1043 1177 1115 ideae
1207 1069 1278 1116 esse

232 1227 233 1231 ,
291 1163 577 1262 uon'poterunt3
608 1191 689 1236 nom
717 1160 924 1234 mollissima
949 1161 1008 1232 illa
1033 1188 1113 1262 pars
1156 1188 1280 1261 corpo·

293 1287 345 1358 ris
374 1285 523 1384 accipiet
548 1282 695 1386 quidem
729 1281 859 1384 focile,
902 1282 967 1354 sed
1005 1281 1171 1355 retinebit
1214 1283 1280 1354 dif-

299 1403 461 1480 ficillime
490 1407 688 1502 impressa,
716 1425 805 1500 quae
845 1399 1080 1500 vegetationis
1119 1425 1279 1502 progres-

298 1551 341 1598 su
369 1525 499 1595 mutari
525 1520 644 1609 focile,
671 1519 731 1595 vel
757 1519 965 1607 obliterari,
995 1520 1207 1619 contingat,
1246 1530 1279 1588 et

301 1670 320 1716 a
347 1668 434 1717 vero
477 1641 614 1716 diversa
641 1642 917 1742 repraesentari.
947 1641 1014 1710 Est
1053 1643 1148 1712 enim
1176 1665 1281 1740 vege·

301 1763 398 1838 tandi
424 1777 586 1862 tempore
613 1763 665 1834 vis
691 1762 871 1862 sanguinis
897 1759 944 1832 ad
968 1759 1153 1834 cerebrum
1170 1786 1189 1831 a
1206 1787 1281 1832 cor·

299 1884 343 1956 de
370 1882 513 1984 impulsi
539 1881 693 1957 crebrius
718 1908 755 1956 se
780 1895 979 1972 movente,
1005 1897 1038 1954 et
1074 1907 1137 1980 per
1177 1907 1278 1954 cana·

295 2003 350 2078 les
379 2004 550 2078 currentis
575 2005 695 2078 minue
721 2016 924 2088 tortuosos,
952 1999 1150 2100 expeditior
1175 2015 1280 2101 atquo

293 2125 567 2215 vehementior,
603 2150 694 2225 quae
732 2123 869 2197 cerebri
893 2122 1000 2210 fibras
1040 2123 1216 2222 exagitet,
1249 2133 1282 2192 et

295 2247 333 2316 in
362 2246 509 2344 perenni
549 2254 641 2316 statu
679 2241 887 2316 vibrationis
928 2242 1128 2316 contineat.
1158 2241 1280 2342 Itaque

231 2355 234 2362 ⁴
290 2364 395 2438 ideae
437 2390 510 2436 non
542 2363 588 2438 ad
614 2363 724 2436 animi
753 2377 879 2436 nutum
918 2377 1088 2452 vocatae,
1129 2360 1193 2437 sed
1219 2388 1278 2434 sua

293 2498 421 2585 sponte
448 2497 567 2557 motae
593 2485 722 2582 passim
748 2508 787 2556 se
812 2484 928 2556 animo
955 2483 1164 2576 obvertent,
1181 2481 1279 2556 erim·

289 2626 360 2702 que
386 2601 430 2672 od
458 2625 495 2671 se
523 2599 692 2689 trahent,
721 2614 756 2674 et
779 2599 888 2678 veluti
914 2598 1069 2674 delirum
1095 2600 1133 2673 in
1168 2601 1279 2675 insta·
1363 2635 1364 2688 f

291 2717 360 2792 bili
387 2743 491 2794 scena
518 2717 753 2794 detinebunt.
781 2718 919 2794 Abacto
941 2721 990 2794 itu
1014 2723 1145 2809 animo,
1173 2735 1279 2821 atque

286 2844 446 2939 jactato,
474 2863 650 2940 quaenam
675 2840 854 2940 judicandi
880 2853 997 2940 potest
1022 2866 1097 2916 esse
1115 2841 1277 2938 facultas,

292 2977 353 3036 ant
377 2961 464 3063 quid
481 2971 605 3061 'potest
630 2962 824 3064 excogitari
848 2962 1045 3038 stolidius?

392 3081 482 3154 VII.
510 3082 579 3156 Est
612 3081 700 3156 baec
738 3096 861 3184 parata
896 3082 999 3158 nobis
1040 3083 1275 3186 ingredienti·

290 3199 361 3274 bus
386 3201 497 3276 vitam
523 3213 616 3278 certe
641 3230 771 3304 magna
797 3204 1005 3293 calamitas;
1031 3217 1066 3279 at
1107 3203 1172 3278 illa
1205 3232 1279 3282 ma·

291 3324 375 3420 jor,
404 3319 531 3420 quod,
559 3321 627 3396 nisi
647 3324 726 3406 cito
752 3349 1007 3414 occurramus,
1044 3320 1145 3396 facile
1185 3337 1278 3398 aeta·

290 3449 345 3508 tes
371 3434 531 3536 reliquae
556 3441 591 3513 in
620 3439 784 3518 eamdem
808 3443 1006 3544 perniciem
1039 3442 1277 3517 delabantur.

203 3609 232 3666 -Ι,
290 3552 401 3648 Quod
427 3559 523 3634 enim
549 3562 728 3664 vegetatio
754 3560 867 3662 prima
893 3573 1007 3634 aetate
1025 3545 1152 3648 efficit,
1180 3563 1279 3649 vitia,

290 3699 381 3776 quae
405 3673 509 3748 lacile
534 3678 756 3782 subrepunt,
784 3693 820 3753 et
858 3681 896 3754 in
932 3680 1169 3754 abalienatum
1205 3677 1284 3752 ani·¹

293 3815 395 3868 mum
419 3791 612 3887 invadunt,
640 3799 778 3901 reliquo
804 3801 897 3874 vitae
924 3813 1084 3902 tempore
1125 3813 1284 3898 praesta·
1363 3843 1364 3868 ;

295 3909 405 4026 hullt·
435 3917 529 3996 Nam
555 3932 710 4016 votum,
733 3923 961 4018 timor,.ira,
987 3919 1168 4026 voluptas,
1190 3946 1280 4021 gau·
1363 3959 1364 4000 r
