2790 4872
547 502 659 608 (χιιι
689 503 707 606 )

136 677 199 739 est.
225 657 284 738 Sat
306 659 405 740 luent
438 659 655 740 solummodo
690 661 833 756 dixisse,
859 659 945 738 nihil
973 677 1111 764 gestum

142 783 305 884 Neapoli,
331 785 419 862 dum
443 786 471 858 is
495 787 646 874 viveret,
671 781 767 886 quod
789 781 834 856 ad
855 785 1007 862 scientias
1023 843 1034 881 ,
1052 786 1108 862 lit·

133 919 279 1010 ·tetasque
302 908 509 1009 pertineret,
536 909 621 1010 quin
645 903 692 980 illi
709 906 880 1006 potissima
905 909 939 982 in
965 935 1006 983 eo
1030 935 1105 1008 pars

139 1025 342 1102 defecatur.
383 1019 435 1102 Ut
458 1051 537 1104 vern
562 1025 730 1129 qtruedm
765 1023 874 1100 obiter
910 1028 1106 1129 attingam3

139 1171 219 1220 anno
258 1150 347 1222 1802
365 1196 381 1242 ·,
421 1147 508 1220 inter
542 1147 630 1222 viros
654 1144 697 1219 ad
721 1141 967 1224 Bibliothecam
1004 1151 1114 1226 maxi*

139 1288 225 1340 mam
249 1263 354 1364 hujus
391 1263 499 1340 Urbis
538 1263 790 1359 ordinandam,
819 1264 1103 1365 gubernandam,

136 1383 335 1488 publiceque
359 1389 438 1462 esui
460 1385 684 1466 addicendam
706 1384 887 1462 destinatus
913 1401 974 1461 est.
1005 1387 1106 1464 Anno

139 1507 260 1602 1806,
290 1507 453 1583 Societate
477 1506 521 1582 ad
543 1505 772 1607 provehendas
812 1521 897 1582 artes
922 1509 1105 1605 instituta,

136 1649 217 1700 unus
239 1640 275 1700 et
296 1628 366 1726 ipse
390 1627 455 1702 tuit
477 1653 496 1700 e
521 1629 645 1721 sociis,
673 1634 708 1700 et
740 1625 829 1702 illico
849 1655 991 1728 praeses
1016 1628 1103 1704 desi·

46 1797 49 1806 ·
135 1759 273 1842 gnatus.
314 1748 522 1850 Eodemque,
546 1733 663 1842 anno,
699 1745 934 1824 Herculanensi
974 1749 1104 1826 Acade·

138 1865 199 1936 mia
225 1867 406 1940 instaurata
427 1892 543 1964 ,unus
568 1865 660 1940 idem
687 1892 729 1940 ex
743 1868 860 1967 viginti
890 1870 969 1942 viris
1003 1870 1110 1966 ipsam

134 1985 412 2084 componentibus
435 1985 616 2086 appellatus
640 1999 703 2060 ost.
731 1987 830 2061 Anno
855 1987 974 2064 deinde
999 1992 1104 2086 1808,

134 2131 239 2204 quum
264 2106 308 2180 de
334 2105 496 2182 Societate
529 2105 672 2206 Regali,
714 2110 750 2180 in
774 2135 842 2210 qua
884 2109 1100 2186 scientiarum

143 2223 350 2320 Academia,
377 2225 607 2300 constituenda
632 2237 785 2324 ageretur
806 2253 816 2314 ;
836 2227 863 2298 is
887 2228 922 2298 in
946 2226 1103 2325 primori-

136 2339 194 2416 bus
217 2347 277 2447 qui
295 2357 416 2440 statuta
433 2345 618 2440 firmarent,
637 2346 810 2446 sociosque
827 2346 982 2446 primitus
994 2347 1105 2447 appel-

135 2459 259 2559 larent,
287 2476 473 2542 evocatus.
503 2465 599 2538 Tum
639 2491 719 2540 vero
743 2478 865 2540 statuta
905 2468 1001 2565 ipsa,
1027 2480 1106 2542 tum

118 2581 284 2680 delectus,
306 2585 468 2684 ejusmodi
485 2584 592 2679 suere,
619 2597 657 2658 nt
669 2585 819 2658 Civitatis
836 2585 959 2678 decori,
982 2585 1107 2660 utilita-

133 2705 218 2805 tique
241 2706 397 2807 publicae
421 2720 550 2782 nostrae
574 2705 831 2804 responderent.
847 2705 981 2780 Eodem
1007 2706 1099 2780 dein-

134 2851 202 2924 ceps
225 2854 314 2902 anno
338 2851 537 2926 supremum
563 2823 728 2898 Andriani
752 2826 902 2923 regimen
927 2824 1032 2925 hujus
1054 2853 1106 2901 re-

131 2947 183 3040 gni
204 2943 364 3042 obtinuit.
384 2943 568 3020 Postmodo
587 2970 665 3020 vero
681 2968 763 3016 eum
780 2941 963 3018 Academia
988 2943 1104 3018 Scien-

130 3067 275 3160 tiamm,
302 3091 389 3139 anno
418 3069 527 3142 1811.
555 3059 745 3140 Praesident
770 3061 862 3158 sibi,
890 3065 950 3164 qui
976 3077 1101 3164 specta-

132 3188 269 3263 tissimus
295 3187 426 3268 honoris
444 3187 563 3286 gradem
579 3185 748 3279 habetur,
764 3184 841 3257 lecit
861 3209 871 3256 a
888 3186 983 3285 isque
1007 3186 1100 3264 idem
1203 3255 1206 3263 .

132 3302 204 3380 lrnic
239 3309 406 3402 muneri,
445 3307 539 3409 quod
573 3307 617 3382 ad
649 3331 779 3380 annum
820 3305 960 3380 conserti
986 3307 1098 3404 solet,

130 3427 266 3521 praefuit
288 3427 487 3528 septennio:
515 3425 628 3528 quoad
653 3424 775 3498 scilicet
799 3451 879 3499 eura
896 3425 951 3500 illa
982 3425 1096 3526 publi·

131 3569 163 3614 ea
186 3545 473 3643 praeclarissima,
501 3545 623 3620 morbo
651 3545 899 3644 praepediente,
926 3547 1101 3624 interdice-
1233 3577 1237 3586 ·

130 3679 237 3741 retur.
278 3669 379 3746 Haud
404 3671 486 3742 item
525 3665 618 3742 facile
657 3680 706 3742 est
730 3693 880 3740 enamare
921 3683 1048 3770 quanta
1070 3673 1099 3744 is

128 3784 279 3883 dignitate
293 3801 326 3860 et
341 3785 503 3863 modestia
527 3813 563 3860 se
578 3784 770 3866 Praesidem
796 3786 930 3885 gesserit
950 3813 959 3860 :
985 3787 1094 3886 placet

131 3929 201 3978 aare
223 3906 319 4008 quod
343 3910 417 4006 ejus
453 3905 564 3980 adhuc
586 3907 635 3978 rei
673 3903 777 3980 fidem
803 3905 910 3982 lacere
949 3905 1097 4010 plerique

127 4027 246 4119 possint
268 4029 326 4129 qui
350 4053 390 4104 en
415 4026 451 4100 in
464 4023 537 4098 loco
552 4021 650 4100 illum
674 4024 824 4124 positum
849 4039 1098 4125 cognoverunt.-
