2760 4874
511 457 652 548 (ωδ)

94 623 183 718 dic,
209 617 409 710 discursus,
436 645 526 722 quae
549 620 711 696 homiues
754 617 954 710 invadunt,
983 647 1072 724 quo·

85 767 167 817 rum
192 739 292 816 sileat
316 742 436 834 ratio,
460 742 512 816 ita
547 741 733 814 cerebrum
771 741 1003 840 perturbant,
1030 759 1071 818 nt

87 866 249 938 animum
275 863 309 935 in
335 863 483 964 perenni
509 862 692 936 vexatione
719 863 961 936 constituant.
989 864 1069 937 Pri·
1141 951 1143 964 Ι
1233 925 1238 934 .

85 1012 146 1060 ma
172 982 331 1085 regenda
357 995 450 1056 aetas
477 995 555 1072 eat,
590 983 624 1056 in
666 1008 705 1055 ea
745 981 1001 1082 pugnandum,
1042 985 1072 1057 si

83 1106 224 1205 reliqua
249 1106 343 1180 vitae
378 1117 534 1203 tempora
576 1098 851 1176 obsecundantia
892 1101 1069 1176 velimus.

86 1219 185 1298 Nam
210 1222 370 1321 corporis
395 1219 551 1294 conditio
579 1245 705 1322 urgere
731 1244 793 1293 nos
819 1233 962 1319 potest;
988 1222 1068 1294 vin·

86 1367 198 1433 cere,
226 1341 293 1416 nisi
318 1337 499 1429 velimus,
526 1337 619 1414 baud
644 1341 748 1440 plane
773 1353 918 1439 potest:
954 1339 1072 1414 dedit·

87 1488 158 1564 que
182 1487 303 1538 rerum
329 1463 467 1542 Auctor
491 1462 665 1540 voluntati
691 1459 835 1534 humani
874 1461 1006 1550 animi,
1036 1463 1071 1536 in

84 1583 172 1672 his,
207 1609 297 1684 quae
336 1582 383 1656 ad
423 1586 579 1684 corporis
620 1581 798 1682 pertinent
832 1581 1072 1682 obsequium,

91 1728 200 1802 supra
224 1729 333 1802 quam
357 1701 454 1777 credi
495 1701 607 1802 possit
645 1700 980 1800 praestantissimam
1020 1697 1072 1772 Ia·

87 1820 285 1910 cutntem,
312 1833 380 1912 ut,
406 1822 437 1894 si
462 1821 687 1911 connitatur,
715 1817 815 1892 facile
841 1817 982 1909 valeat,
1009 1843 1073 1915 per

88 1965 181 2041 quae
208 1939 274 2036 ipsi
301 1941 355 2014 vis
379 1939 469 2030 fiat,
497 1937 563 2012 sibi
588 1933 763 2012 vincendo
780 1935 953 2034 subjicere
973 1991 981 2007 .
1001 1935 1074 2008 Sed

84 2056 308 2134 voluntatem
342 2056 515 2158 judicium
557 2057 677 2154 parit,
717 2052 893 2154 judicium
926 2051 1074 2126 medita·

84 2177 167 2265 tio;
195 2199 323 2276 qnam,
350 2175 379 2247 si
418 2173 536 2276 placet
570 2171 749 2262 definire,
776 2171 940 2246 omnium
980 2185 1079 2244 aeta·

87 2305 169 2366 tom
207 2291 427 2368 medicinam
464 2317 657 2367 vocemus.
684 2287 882 2364 Meditandi
915 2304 1075 2364 assuetu-

86 2407 136 2484 do
162 2409 301 2512 primae
326 2411 438 2486 animi
463 2412 586 2484 aetatis
611 2407 887 2485 abstractionem
928 2434 1073 2508 compc-

84 2545 198 2626 scet,
243 2541 393 2605 aetutem
432 2529 588 2606 madiam
629 2530 880 2630 sapientiorem
920 2528 1071 2619 efficiet,

88 2651 203 2724 vitam
226 2649 427 2724 uniuersam
461 2649 581 2724 animo
620 2647 842 2735 vindicabit,
869 2673 976 2750 quem
1015 2673 1074 2722 so·
1170 2629 1174 2638 ¹

84 2765 164 2843 lum
190 2777 334 2866 oportet
358 2766 395 2840 in
420 2763 566 2842 homine
591 2764 739 2841 valere.
768 2767 861 2842 Nam
886 2767 1070 2858 animans,

89 2887 162 2962 nisi
187 2885 306 2986 qnimo
330 2898 481 2988 pareat,
507 2891 625 2963 animo
650 2889 826 2989 imperat:
852 2886 990 2987 sibique
1014 2913 1075 2960 re-

85 3007 193 3083 lictus
216 3003 385 3080 subdolus
413 3007 504 3100 fiet,
532 3007 703 3100 invidus,
742 3005 885 3096 audax,
910 3009 948 3080 io
990 3032 1071 3106 pro·

89 3128 213 3225 priam
238 3123 458 3227 alienamque
482 3127 674 3226 perniciem
700 3123 848 3226 proclivi
874 3126 1045 3226 ingenio:

89 3419 99 3438 .
129 3421 138 3439 .
171 3419 183 3439 .
210 3361 314 3472 bunc
327 3363 515 3464 fraenis,
556 3359 723 3438 huncce
762 3389 962 3464 compesce
981 3436 986 3444 ,
1002 3393 1071 3442 ca·

195 3499 285 3558 terra
303 3538 314 3557 .

190 3723 294 3798 VIII.
323 3721 383 3799 td
423 3725 634 3826 sapientiam
661 3727 769 3830 igitur
811 3725 1069 3820 contendenti,

91 3845 120 3920 si
146 3843 405 3946 praeparandus
438 3857 491 3920 cst
524 3847 662 3922 animus
702 3845 747 3920 ad
772 3845 858 3920 caeli
898 3868 1074 3918 commer-

94 3966 147 4041 cia
172 3987 459 4060 conscensurus,
494 3963 592 4064 quod
628 3966 695 4040 erit
733 3967 846 4064 majus
875 3961 1073 4038 sanctium

707 4091 729 4141 a
