2756 4874
701 455 840 544 (1¹0)

298 648 426 708 vorum
452 626 561 699 exitui
587 621 858 698 destinarentur.
886 617 952 693 Est
975 617 1033 694 hic
1068 643 1280 698 nervosam

297 747 407 824 terior
432 746 546 819 octavi
572 742 666 842 paris
691 763 878 816 nervorum
903 738 1068 831 cerebri,
1091 739 1165 813 sive
1181 744 1276 840 ungi,

297 892 379 971 pars
398 867 418 958 ,'
437 889 556 967 qnae,
584 857 782 935 constantia
806 883 963 940 sirmis.
997 887 1138 934 summa
1159 899 1181 952 ,·
1197 863 1280 935 reli·

295 993 375 1093 quis
400 988 445 1062 ab
469 987 537 1058 fitis
572 987 669 1062 uerri
706 983 810 1084 hujus
849 996 1037 1082 seperate,
1075 982 1141 1055 sub
1177 987 1279 1082 junna

295 1113 419 1190 transit
445 1105 607 1180 cochlear.
632 1105 899 1207 aquaeductus.
929 1104 1071 1176 Transit
1096 1129 1181 1178 vero
1221 1129 1282 1203 per

295 1231 418 1326 junnae
442 1229 713 1324 perimentum,
742 1239 777 1296 et
803 1222 1004 1300 ascendens,
1020 1238 1138 1301 contra
1182 1240 1281 1298 unte·

294 1349 425 1421 riurem
452 1343 685 1446 aquaeductus
710 1359 878 1444 partem,
908 1343 968 1416 nbi
1004 1344 1048 1416 ed
1089 1346 1284 1423 semicana·

296 1465 341 1540 lis
365 1462 521 1564 (mv)
546 1463 720 1562 originem
746 1465 931 1563 pervenit,
958 1460 1046 1536 dure
1083 1476 1197 1543 matre
1222 1489 1282 1538 ex-

295 1582 455 1680 cipitur,
484 1595 519 1654 et
544 1584 767 1658 semicanalis
791 1583 936 1656 ductum
972 1595 1139 1682 sequutus
1178 1596 1281 1658 extre

292 1705 451 1776 cranium
476 1702 689 1798 descendit,
717 1705 978 1802 maximumque
995 1717 1132 1802 purtem
1158 1707 1214 1778 sni
1243 1709 1281 1780 in'

269 1819 414 1918 'lingua
440 1821 597 1899 insumit.
626 1825 744 1895 Locus
770 1845 884 1911 vero,
913 1845 984 1920 per·
1018 1845 1128 1921 quem
1169 1825 1276 1897 intrat

290 1941 566 2032 semicunslem,⁴
594 1968 697 2043 saepe
724 1945 834 2024 rimae
858 1943 984 2016 similis
1009 1959 1085 2022 est,
1112 1941 1212 2044 cujus
1238 1971 1278 2017 o-

291 2060 394 2159 rigo,
422 2063 519 2136 sulco
546 2063 734 2165 persimilis
751 2116 763 2153 ,
784 2085 955 2135 asumma
970 2065 1135 2136 anteriori
1150 2089 1280 2163 aqpee-

294 2178 422 2254 ductus
448 2198 547 2281 parte
586 2181 797 2256 inchoatur.
826 2181 1008 2283 Frequens
1048 2196 1101 2254 est
1141 2205 1283 2285 qnoque

291 2300 443 2375 varietus
468 2305 504 2376 in
530 2301 696 2376 distentia
722 2301 962 2376 intercedente
987 2301 1079 2375 inter
1121 2305 1284 2378 insertio·

287 2437 375 2496 'nem
401 2420 505 2524 hujus
531 2426 637 2522 partis
663 2423 847 2497 enterioris
874 2423 966 2522 paris
991 2425 1136 2514 octavi,
1166 2441 1202 2498 et
1226 2427 1275 2500 sa·

294 2544 362 2616 scis
388 2542 512 2643 reliqui
539 2543 607 2646 (e).
627 2544 718 2617 Cum
735 2571 873 2645 semper
892 2547 1022 2620 etenim
1039 2548 1138 2634 jenua
1155 2527 1281 2648 aqued-

288 2661 416 2738 ductus
442 2662 594 2736 anterior
618 2665 663 2737 sit
688 2689 729 2736 eo
755 2663 950 2754 foramine,
971 2690 1033 2764 per
1049 2666 1144 2766 quod
1173 2667 1276 2738 fascis

290 2775 431 2882 integer
455 2784 568 2860 octnri
585 2807 771 2857 nervorum
798 2785 893 2885 paris
908 2797 1087 2883 penetrat,
1103 2797 1138 2856 et
1163 2785 1208 2858 nb
1225 2811 1284 2860 eo·

293 2899 378 2974 dem
405 2901 595 2977 manifesto
634 2901 740 2976 distet
780 2901 993 2990 intervallo,
1016 2927 1120 3002 saepe
1160 2917 1283 2980 tomen

292 3019 397 3096 simul
424 3025 583 3124 superior
607 3036 691 3112 est,
718 3047 783 3098 nec
821 3049 902 3098 raro
935 3047 1066 3127 margo
1105 3027 1277 3125 posterior

288 3139 414 3241 januae
441 3167 524 3214 cum
550 3143 722 3242 superiori
749 3144 907 3243 margine
931 3147 1157 3217 continuatur
1190 3148 1280 3242 rjus·

287 3261 371 3336 dem
397 3261 600 3354 foraminis,
621 3289 684 3362 per
709 3261 808 3363 quod
833 3265 939 3336 intrat
964 3266 1074 3362 major
1099 3263 1203 3354 ipsuis
1221 3289 1279 3359 pr-

288 3385 336 3458 ris
372 3385 519 3463 octavi.
549 3381 662 3460 Multa
695 3397 800 3477 sunt,
835 3411 925 3486 qnne
966 3385 1012 3458 de
1036 3388 1136 3460 nervi
1173 3383 1278 3487 hujus

282 3502 434 3577 decursu
470 3529 534 3576 nos
569 3501 799 3596 deteximus,
843 3527 1006 3605 quaeque
1046 3507 1091 3578 ed
1129 3505 1273 3589 auditus

193 3674 195 3679 ·
286 3621 569 3698 mechanismum
595 3625 723 3698 rectius
748 3623 1019 3725 intelligendam
1056 3628 1149 3700 mire
1188 3651 1276 3702 con·

285 3742 423 3820 ferunt.
452 3747 508 3820 De
531 3745 601 3820 hou
627 3770 713 3826 rero
738 3771 780 3820 eo
815 3762 980 3847 putamus
1010 3762 1180 3851 tempore·
1214 3773 1280 3824 nos

329 3991 376 4078 (e)
399 3987 483 4060 Τὼ.
509 4005 541 4060 a.
589 3989 614 4062 t.
