2756 4874
711 427 847 518 (ποθ)

285 595 371 672 dem
395 594 445 670 rei
470 587 600 694 duplex
625 592 714 670 mihi
739 594 879 670 videtur
902 590 992 668 ratio
1016 615 1102 666 esse.
1131 593 1270 684 Prima,

285 730 327 792 nt
351 741 393 791 eo
419 729 607 815 tempore,
634 741 705 815 quo
730 717 890 815 tympani
908 714 1148 808 membranam
1163 739 1273 786 sono-

282 861 322 914 ra
347 836 438 910 unda
462 837 640 937 impellit,
667 842 729 910 adr
755 835 912 934 tympani
939 833 1060 932 (ωε
1077 860 1111 910 ιι
1147 835 1164 932 )
1190 861 1276 934 per·

284 979 434 1046 cussus,
460 968 652 1029 tremorem
680 971 862 1054 acceptum
907 953 1132 1026 membranae
1173 976 1274 1024 corn·

285 1079 478 1152 manicaret
502 1076 673 1150 fenestrae
698 1075 899 1165 rotundae,
927 1100 1017 1176 quae
1055 1070 1274 1156 oscillatione

287 1223 349 1274 sua
374 1199 574 1298 proximum
600 1199 786 1274 humorem
824 1188 945 1274 scalae*
966 1200 1120 1300 tympani
1162 1199 1274 1299 agita·

287 1333 371 1409 ret,
398 1333 434 1392 et
458 1343 522 1418 per
546 1320 722 1393 orificium
747 1318 912 1394 cochleae
935 1319 1172 1419 aquaeductus
1213 1341 1275 1389 eo·

286 1433 371 1510 dem
397 1450 558 1535 tempore
583 1436 796 1536 expelleret,
823 1461 895 1540 quo
931 1437 1097 1518 vestibuli
1139 1436 1271 1510 humor

288 1554 478 1654 astapede
517 1571 706 1638 movetur.
732 1557 786 1630 Itu
822 1563 945 1649 enim,
989 1555 1126 1660 quaudo
1164 1557 1270 1656 hujus

284 1668 447 1747 humoris
474 1699 553 1774 pers
577 1699 640 1776 per
668 1677 835 1752 vestibuli
861 1679 989 1752 scalam
1029 1676 1270 1780 propellitur,

258 1791 402 1867 locum
427 1795 563 1874 invenit
587 1799 659 1896 jam
686 1798 722 1870 iu
746 1801 904 1899 tympani
945 1798 1038 1874 scala
1079 1812 1269 1900 paratum,

281 1910 319 1986 iu
345 1941 451 2015 quern
476 1915 579 1990 facile
607 1942 643 1990 se
672 1931 851 1992 exoneret.
879 1917 1030 2008 Altera,
1058 1917 1184 2018 utqui
1218 1913 1271 1988 fe·

282 2047 435 2108 nestrum
460 2033 654 2110 rotundam
680 2038 810 2134 premit
835 2035 982 2125 humor,
1009 2050 1171 2138 tempore
1198 2061 1273 2138 quo

282 2178 371 2228 nova
397 2159 573 2256 quantitas
599 2181 642 2230 ex
666 2156 843 2232 vestibulo
869 2155 1081 2248 advehitur,
1124 2182 1192 2230 non
1232 2159 1270 2230 in

283 2278 540 2376 superpositam
566 2275 731 2352 cochleae
757 2303 881 2352 eonem
898 2279 985 2366 ,etsi
1001 2278 1201 2354 breviorem
1213 2276 1272 2352 hie

282 2393 619 2495 robustioremque,
645 2407 746 2472 totus
770 2409 905 2498 ageret,
933 2396 1055 2472 sedin
1081 2398 1271 2474 cedentem

282 2509 375 2587 hane
407 2513 577 2588 rotundae
620 2515 790 2591 fenestrae
827 2518 1071 2592 membranam
1096 2519 1271 2617 impulsus

281 2647 418 2736 partem
445 2633 633 2734 perderet.
662 2636 859 2712 Confirmat
884 2639 1120 2738 conjecturum
1149 2638 1270 2714 ohser-

285 2753 393 2838 vatio.
421 2754 507 2829 Vidi
534 2756 655 2849 enim,
682 2759 738 2832 cui
763 2757 909 2834 fenestra
945 2757 1095 2832 rotunda
1122 2758 1273 2859 ¹integre

289 2890 364 2950 erat
389 2901 464 2950 osse
489 2877 637 2968 clausa,
664 2878 810 2954 ossicula
832 2881 989 2980 tympani
1012 2934 1024 2969 ,
1051 2892 1087 2954 et
1111 2880 1270 2952 maxime

287 2996 469 3097 stapedem
494 2995 601 3070 fuisse
626 2997 735 3098 duplo
774 3005 906 3100 majore
945 3008 1142 3072 consueto:
1172 2999 1271 3097 quasi

284 3115 461 3190 indicante
496 3149 653 3210 nawen,
681 3115 844 3222 ampliori
881 3114 1033 3216 stapedis
1058 3117 1270 3216 pressione,

286 3242 458 3338 majorem
486 3251 685 3316 semotum
710 3236 877 3315 vestibuli
902 3235 1042 3310 humori
1085 3234 1270 3311 cochleam

281 3360 439 3460 petituro
465 3385 694 3461 procurasse,
721 3359 846 3458 utqui
871 3369 969 3428 antea
987 3356 1100 3430 scalae
1124 3370 1269 3458 tympa-

281 3480 320 3556 ni
344 3479 475 3555 humor
492 3494 680 3556 atremore
704 3477 930 3553 membranae
946 3475 1119 3550 fenestrae
1144 3489 1269 3550 rotun·

284 3599 378 3690 dae,
406 3613 442 3672 et
466 3627 486 3673 a
511 3598 677 3676 vestibuli
700 3597 847 3672 humore
873 3598 909 3672 in
927 3622 1030 3671 suum
1047 3609 1268 3697 erataquae-

282 3720 430 3794 ductum
455 3719 715 3819 impellendus,
733 3718 921 3794 deficiente
939 3717 1157 3808 membrana,
1187 3715 1268 3790 solo

281 3839 438 3918 humoris
464 3839 632 3914 vestibuli
658 3855 758 3916 motu
783 3837 1035 3940 impelleretur.

394 3959 573 4040 Lxxttt.
623 3959 796 4070 Cochleae
833 3960 942 4061 igitur
981 3956 1267 4062 aquaeductus,
