2756 4874
500 457 637 552 (ποι)

8 674 13 684 ,
97 656 174 707 ram
200 632 339 730 incidi,
367 636 406 710 in
428 635 574 738 longum
601 636 770 736 primum,
795 657 880 711 mox
902 645 1094 709 transeas:

104 785 162 840 se.
191 768 243 844 lta
269 777 399 852 cavitas
423 779 563 883 (uxr)
599 805 687 881 aqua
729 787 898 908 perquam
939 747 1078 830 madidi

101 888 372 991 manifestatur,
400 923 507 1000 quam
533 925 615 973 cum
640 892 815 998 pluries'
805 917 841 964 rn
869 881 1009 966 formas
1043 879 1080 941 ⁸²

95 1009 192 1100 situ,
223 1009 450 1116 adhibitaque
475 1019 663 1118 injectione
680 1011 947 1090 examinarem,
969 1019 1010 1069 ea
1024 1011 1078 1059 ¹¹1‘

96 1132 205 1216 veni,
234 1160 325 1234 qnae
351 1133 513 1210 adhunc
539 1135 657 1210 locum
685 1130 829 1236 protuli.

196 1249 337 1326 LXIX.
382 1253 488 1329 Volui
515 1254 559 1330 ab
584 1253 738 1329 hominis
758 1315 760 1321 Α
778 1271 923 1350 corpore
948 1247 965 1347 (
988 1275 1076 1350 quae

94 1367 262 1472 frequens
287 1372 376 1445 mihi
404 1371 614 1449 observandi
640 1374 729 1446 ratio
769 1367 861 1470 est)
891 1365 937 1440 ad
959 1367 1091 1440 bruto-⁴

95 1517 175 1565 rum
205 1517 358 1592 corpora
386 1495 557 1584 transire,
586 1507 622 1566 et
647 1520 731 1568 num
758 1489 860 1564 datus
887 1485 937 1564 illi
954 1513 1074 1588 aquae·

92 1611 221 1685 ductus
256 1612 312 1685 his
339 1633 431 1691 esset
458 1642 598 1718 quoque
625 1639 840 1706 concessura,
866 1609 981 1686 sedula
1019 1609 1072 1685 in·

95 1737 282 1837 vestigare.
312 1738 596 1840 Quadnrpedum
621 1763 705 1838 crgo
731 1736 870 1811 nullum
907 1733 954 1809 ad
980 1733 1073 1808 hund

97 1853 194 1929 diem
221 1847 439 1953 observavi,
467 1859 528 1962 qui
554 1853 623 1934 hoo
657 1855 877 1960 aquaeductu
913 1847 1082 1929 destitue-’

81 1988 202 2060 ¹retur.
231 1973 272 2047 ln
299 2003 389 2079 equo
409 2032 420 2070 ,
446 1975 564 2068 bove,
589 1979 714 2064 simia,
732 2003 818 2050 cane
835 2027 846 2068 ,
862 1975 932 2048 fele
957 1975 1073 2050 duma·

93 2095 207 2187 stica,
235 2120 353 2198 agno,
381 2094 522 2196 lepore,
548 2097 711 2171 cuniculo
742 2093 864 2168 adesse
889 2095 1069 2196 comperi.

93 2211 233 2289 Horum
260 2230 378 2291 autem
402 2217 535 2292 nemini
559 2218 606 2290 ita
632 2230 783 2316 patens,
810 2224 888 2288 tum
923 2213 958 2287 in
982 2213 1072 2288 orili-

92 2332 180 2427 cio,
208 2347 282 2409 tum
307 2335 444 2440 reliquo
470 2339 508 2412 in
533 2336 685 2412 decursu
710 2333 812 2411 datus
828 2391 841 2428 ,
859 2333 1069 2411 sicuthomi·

91 2456 151 2531 ni:
179 2457 276 2560 quod
301 2461 330 2534 si
355 2461 472 2536 minus
495 2464 534 2536 in
570 2460 675 2553 aliis,
715 2457 751 2534 in
791 2485 882 2562 equo
921 2473 1010 2534 certe
1036 2470 1071 2532 et

92 2580 183 2656 bove
210 2581 440 2657 admiratione
466 2609 603 2659 summa
628 2583 778 2682 dignum
810 2593 888 2656 est.
915 2579 992 2658 Nou
1018 2596 1069 2657 ta-

89 2725 172 2773 men
200 2705 249 2776 ita
273 2702 311 2775 in
335 2703 535 2781 volatilibus
562 2731 615 2780 res
640 2701 796 2777 obvenit.
816 2700 962 2778 Canales
978 2730 1069 2782 nam·

89 2849 159 2926 que
184 2829 223 2898 in
251 2827 293 2900 iis
318 2842 426 2922 sunt,
454 2829 690 2932 aquaeductus
712 2849 798 2904 vero
838 2824 973 2902 nullum
1010 2817 1074 2903 ve·¹

88 2948 235 3050 stigium
260 2947 475 3026 observatur.
505 2947 629 3052 Neque
654 2948 785 3025 mirum
806 2941 920 3024 videri
944 2944 1066 3036 debat,

88 3071 186 3145 siiis
213 3068 451 3162 animalibus,
494 3073 621 3173 quibus
647 3067 824 3147 cochleam
850 3101 976 3149 narona
1014 3093 1067 3142 te·

84 3191 215 3290 gavit,
257 3219 481 3295 quorumque
507 3195 645 3269 canales
670 3195 736 3269 alia
762 3187 911 3268 'ratione
953 3189 1064 3291 dispo·

86 3313 169 3404 suit,
198 3323 234 3386 et
258 3313 518 3414 aquaeductum
534 3315 628 3390 hunc
645 3316 735 3390 forte
750 3315 943 3418 negaverit.
972 3315 1066 3404 Quo·

86 3432 184 3505 niam
214 3457 295 3505 vero
327 3436 490 3509 constitui
523 3492 534 3529 ,
562 3437 822 3512 observationes
862 3447 986 3509 nostras
1021 3429 1066 3506 ad

85 3549 287 3626 volatilium
324 3553 484 3631 auditum
524 3561 739 3657 pertinentes
776 3615 787 3649 ,
831 3557 899 3632 alio
935 3571 1063 3656 tempo·

83 3696 121 3744 re
148 3671 334 3771 proferre,
361 3678 469 3754 licere
493 3679 582 3753 mihi
608 3709 677 3755 non
718 3681 866 3757 arbitror
893 3743 903 3776 ‚
932 3707 967 3754 ea
1005 3675 1063 3752 hic

82 3791 262 3888 revelare,
292 3824 379 3899 quae
405 3813 481 3876 tum
507 3801 680 3876 canalium
717 3805 753 3876 in
794 3801 849 3878 his
886 3803 1062 3894 officium,

82 3930 166 3980 cum
191 3911 363 3989 rationem
387 3917 550 3994 cochleae
575 3919 731 3999 delectus
756 3921 978 3999 manifestent
1005 3923 1064 4002 Ex

86 4025 153 4102 hoc
178 4030 270 4108 illud
295 4058 378 4115 vero
402 4038 524 4118 iuserri
548 4061 666 4146 potest
681 4079 699 4147 ·,
725 4053 770 4130 iis
796 4059 963 4138 omuibus
989 4066 1064 4142 ani.
