2756 4874
534 357 652 454 (ost

77 551 139 632 per
163 521 255 604 hanc
280 519 428 630 quidem
453 525 547 602 viam
573 525 668 599 liber
693 536 787 599 sene
812 521 978 602 transitus
1004 553 1059 604 ra-

72 651 264 754 linquatur.
291 646 454 722 Alterum
473 644 510 718 in
537 655 632 718 setae
655 639 797 716 delectu
817 646 970 747 positum
987 661 1055 740 est,

79 777 156 846 sine
183 796 253 872 quo
277 767 418 844 videtur
442 763 660 864 impossibile
690 787 766 836 rem
792 778 873 864 apte
915 768 1061 870 exsequi

72 916 205 994 passe.
235 887 366 964 Suilloe
407 885 552 988 quidem
589 897 733 986 propter
771 885 926 986 figuram
952 915 1063 988 quam

74 1007 207 1083 habent
234 1004 337 1108 quasi
363 1001 626 1104 cylindricam,
653 1005 730 1080 sive
755 1016 877 1078 tenues
902 1020 996 1100 suat,
1026 1021 1064 1084 et
1136 1067 1139 1082 .

75 1132 149 1206 vim
179 1142 401 1230 prementem
442 1124 539 1199 sacili
572 1124 724 1198 flexione
765 1122 949 1214 eludunt,
989 1129 1064 1204 sive

77 1275 242 1338 crassae,
268 1260 303 1322 et
328 1271 391 1348 per
417 1242 656 1347 aquaeductus
682 1248 890 1345 angustias,
919 1249 1068 1348 quasin

77 1367 199 1444 medio
228 1365 282 1440 sui
307 1365 477 1440 decursus
502 1362 686 1436 offendunt
710 1361 812 1464 (cix
827 1363 859 1464 ),
884 1380 1066 1466 nequeunt

78 1489 304 1591 pertransire.
335 1485 546 1586 Aptissimae
560 1483 669 1586 longo
687 1511 750 1558 usu
768 1483 857 1558 milri
876 1485 1064 1582 habentur,

75 1631 167 1712 quae
197 1631 240 1680 ex
268 1603 389 1680 rostris
416 1599 716 1704 quadrupedum,
744 1619 780 1678 et
804 1605 961 1679 maxime
988 1607 1069 1680 vul·

75 1731 180 1830 pium
205 1739 286 1800 sunt
313 1724 464 1798 evulsae.
494 1723 644 1798 Conicae
673 1727 802 1798 etenim
829 1726 916 1800 istae
959 1743 1068 1824 sunt,

78 1865 113 1924 et
141 1850 387 1925 acutissimum
414 1843 545 1918 hebent
572 1859 794 1935 extremum,
813 1847 869 1920 cui
890 1862 1071 1947 penetrare

76 1969 181 2044 facile
211 1981 295 2060 est,
323 1969 437 2042 basim
465 1993 644 2054 crassam,
672 1992 763 2066 quae
789 1969 1086 2065 prementisvimy

81 2090 329 2166 efficacissime
356 2091 529 2182 sustinet,
558 2100 592 2160 et
614 2086 890 2188 longitudinem·
914 2089 1073 2190 operanti

78 2211 389 2316 percommodum.
493 2254 496 2262 ·

182 2329 324 2409 LXIV.
354 2328 498 2402 Constat
524 2353 568 2408 ex
593 2327 695 2404 dictis
721 2329 738 2432 (
765 2329 928 2421 ιιι,ιᾶ
947 2333 1076 2436 ιιιι)

82 2447 329 2556 aquaeductus
355 2447 521 2534 vestibuli
548 2448 635 2522 duas
678 2473 751 2521 esse
792 2465 908 2552 partes
928 2487 948 2544 ,·
968 2480 1075 2528 unam

79 2570 125 2644 ab
155 2565 332 2666 orificio(
360 2569 476 2642 uvitr
506 2567 523 2665 )
549 2567 594 2642 ad
620 2567 750 2640 rimam
776 2569 792 2668 (
820 2593 893 2642 ιιι
918 2568 958 2669 ),
986 2596 1079 2670 quae

82 2709 199 2761 ossea
226 2707 318 2784 pars
357 2683 428 2758 dici
454 2697 597 2782 potest,
625 2685 767 2758 alteram
802 2687 1075 2781 orimnorum,
1197 2709 1200 2712 ·

85 2821 120 2882 et
146 2809 241 2881 intra
267 2805 392 2878 duram
419 2819 568 2878 matrem
598 2805 1078 2909 excusatum(1.xr),quam

89 2931 305 3002 cavitatem
338 2929 606 3028 aquaeductus
621 2926 901 3004 membraneum
919 2932 1002 3004 licat
1019 2957 1083 3032 op·

87 3049 237 3150 pellace.
266 3045 347 3118 Non
374 3059 428 3120 est
454 3061 571 3121 autem
600 3051 833 3148 praestantior
858 3049 1080 3148 methodus,

89 3195 159 3270 qua
186 3165 313 3238 herum
340 3167 494 3267 partium
518 3169 753 3268 aquaeductus
772 3173 980 3248 continuitas
998 3199 1080 3275 pos·

89 3292 135 3364 sit
163 3288 375 3378 observari,
403 3289 599 3388 injectione.
618 3295 858 3368 mercurio⁴in
882 3297 1005 3395 primis
1029 3300 1084 3390 in·

92 3415 246 3484 stituta.
275 3407 411 3484 Fistula
451 3410 663 3502 duellione,
690 3441 758 3516 qua
785 3413 832 3488 ad
864 3415 1078 3519 lacrymulas

97 3531 227 3604 ductus
253 3529 458 3606 reserandos
484 3534 746 3637 tangendosque
786 3536 950 3628 utimur,
994 3544 1079 3642 quia

93 3651 211 3724 tubuli
253 3665 412 3726 extrema
454 3656 622 3730 tenuitate
662 3655 835 3758 gaudet,.
862 3659 945 3736 huic
981 3661 1079 3766 operi
1132 3741 1135 3746 ,

96 3772 274 3874 aptissima
301 3785 366 3846 est.
396 3773 527 3876 Aptata
542 3801 695 3878 namque
709 3780 809 3880 apice
825 3777 938 3854 tubuli
954 3805 1082 3881 aquae·

95 3892 221 3974 doctos
247 3891 409 3990 orificio;
437 3897 592 3973 maxime
617 3900 646 3973 si
673 3898 870 3997 paullulum
910 3924 1077 3986 recurras

548 4027 744 4116 ‘g'
