2756 4874
517 473 659 567 (115)

167 635 366 718 LXXVII.
390 618 491 716 lima
517 667 669 746 namque
707 655 821 719 mater
864 662 927 747 pe'r
963 643 1053 726 hanc

71 761 208 861 januam
241 765 332 836 intra
368 760 530 838 cochleae
556 761 819 863 aquaeductum
846 781 1006 864 penetrat
1033 821 1051 857 ,,

68 905 219 981 eumque
245 893 356 956 totum
384 883 542 958 investit.
571 880 611 954 ln
641 881 706 954 hoc
725 885 891 983 ingressu
918 887 965 960 ita
982 891 1059 988 ipro

68 1016 207 1074 arcuato
232 1008 355 1101 januae
382 1003 532 1102 margini
559 1015 614 1074 est
638 1001 899 1095 accomodata,
926 1022 967 1080 ut
985 1037 1056 1086 noe

68 1123 122 1196 lric
149 1149 231 1196 eam
268 1149 429 1199 normam
475 1137 612 1210 teneat,
658 1149 794 1224 quam,
837 1129 992 1202 maxime
1016 1133 1054 1204 in
1138 1187 1141 1194 ⁴

72 1245 229 1344 ingressu
264 1265 327 1340 per
352 1246 510 1342 opticum
547 1243 706 1316 foramen
747 1245 834 1318 intra
870 1245 1053 1336 orbitarn,

72 1377 191 1449 tenet,
216 1369 252 1437 in
280 1392 351 1468 quo
376 1389 448 1437 non
474 1387 617 1464 prorsus
648 1367 738 1436 circa
756 1391 1055 1464 supremumaca·

13 1509 16 1514 ·
71 1501 141 1558 tum
169 1487 368 1583 marginem
396 1483 577 1558 foraminis
605 1487 693 1557 ossei
712 1485 976 1576 accomodatur,
992 1487 1056 1563 sed

72 1609 111 1680 ad
137 1608 293 1707 aliquam
320 1607 365 1678 ab
390 1603 488 1679 osseo
518 1607 679 1705 margine
714 1605 915 1678 distantiam
954 1609 1056 1684 relle·

69 1733 201 1817 utitur,
232 1729 433 1828 plicamque
458 1740 659 1801 constanter
684 1726 812 1800 format
829 1780 841 1817 ‚
860 1754 949 1828 quae
975 1753 1056 1802 ner⁴

67 1849 97 1920 ri
123 1851 232 1946 optici
264 1850 419 1923 introitui
450 1851 550 1948 parvi
578 1853 731 1922 tentorii
754 1844 868 1922 forma
885 1871 1055 1952 superpo·

66 1970 165 2046 nitur.
195 1969 254 2042 Ab
281 1986 421 2044 arcuato
446 1985 565 2044 autem
594 1975 717 2069 januar
744 1968 905 2067 margine
930 1971 975 2043 ad
992 1997 1055 2044 ce·

64 2090 197 2165 clrleam
223 2093 441 2183 ascendens,
476 2091 579 2192 hujus
606 2091 830 2164 continuetur
854 2092 1051 2188 periustio.

64 2209 152 2284 Hinc
178 2214 241 2288 etsi
268 2239 331 2310 per
367 2211 530 2284 vestibuli
557 2209 814 2307 aquaeductum
841 2207 914 2281 sola
954 2223 1052 2284 exte-

61 2335 128 2407 rior
154 2331 259 2432 liujus
287 2334 522 2406 membranae
564 2332 692 2404 lamina
734 2327 941 2420 vestibulo,
969 2359 1053 2406 con-

66 2453 246 2550 tinuisque
272 2449 452 2524 canalibus
479 2453 684 2550 periostium
714 2450 902 2550 elargiatur
923 2451 1050 2554 (u),

65 2598 125 2668 per
153 2569 250 2648 hune
275 2573 442 2646 cochleae
468 2587 585 2645 tamen
612 2573 870 2672 aquaeductum
914 2574 1053 2675 integra

62 2687 281 2760 membrana
310 2689 354 2761 ad
379 2688 560 2763 cochleam
586 2690 770 2780 ascendit,
799 2696 943 2792 ejusque
968 2691 1055 2766 lecit
1095 2757 1106 2788 Ἴ

62 2811 285 2906 periostiurn.
314 2810 368 2884 Ita
395 2827 434 2882 ut
460 2837 532 2884 non
557 2811 738 2884 immerito
764 2809 834 2885 dici
868 2837 970 2911 porse
994 2817 1051 2886 ri-

61 2932 216 3019 deatur,
247 2930 483 3021 firmitatem,
511 2959 580 3032 qua
620 2957 704 3004 zona
732 2931 895 3006 cochleae
918 2935 1065 3034 gaudet,

62 3076 144 3148 prae
171 3048 343 3125 vestibuli
368 3053 565 3150 periendo,
594 3050 677 3124 huic
711 3053 746 3122 in
773 3050 897 3150 primis
935 3075 1049 3124 mem-

60 3167 189 3240 branae
215 3167 365 3264 deheri;
385 3181 420 3241 et
446 3170 672 3243 membranae
687 3168 859 3244 fenestrae
874 3169 1050 3246 rotundae
1078 3181 1082 3188 '

62 3285 231 3360 laminam
259 3290 434 3362 internam
461 3289 506 3360 ab
532 3287 595 3362 hac
620 3289 823 3362 membrana
852 3288 954 3374 oriri,
983 3313 1048 3366 ex·

61 3421 199 3484 ternum
229 3437 249 3482 a
275 3409 436 3512 tympani
465 3412 624 3484 caritatis
650 3423 858 3508 tegumento
885 3409 1042 3509 (ιιι).

61 3531 175 3604 Posita
203 3557 289 3604 vero
316 3533 547 3604 continuitate
573 3530 728 3628 periustii
744 3530 860 3604 scalae
882 3531 1044 3634 tympani

61 3677 136 3726 curn
159 3653 252 3740 illo,
281 3677 351 3753 quo
366 3653 532 3726 vestibuli
548 3651 660 3739 scala,
682 3651 1042 3754 restitutumipaom

61 3787 92 3842 et
118 3774 257 3846 carratas
281 3771 547 3860 investiantur,
573 3774 676 3844 asseri
703 3784 779 3844 tuto
815 3795 918 3869 posse
943 3769 1041 3844 vide·
1082 3854 1085 3862 f
1160 3829 1162 3842 .

61 3900 132 3972 tur,
161 3905 348 3990 utromque
374 3890 543 3964 laminam
568 3889 676 3963 durae
702 3891 824 3964 matris
838 3891 1043 4004 labyrintho

59 4011 261 4106 periostium
288 4009 425 4114 elargiri
444 4054 454 4073 ·

744 4135 764 4184 a
