2756 4874
734 437 760 524 r
780 427 857 522 ευ)

289 617 365 696 re,
392 607 437 681 ub
462 605 593 682 unuin
618 603 724 678 ulium
750 629 894 680 curem
918 601 1113 679 necessaris
1138 603 1215 678 luit
1230 604 1293 680 de·

290 730 424 805 ‘rivetio
449 727 631 830 (xxxix):
658 725 745 801 baec
773 741 812 800 ut
853 727 965 801 facilis
1005 741 1098 802 esset
1122 726 1207 828 (xx)
1234 755 1296 803 cn·
1365 731 1366 788 l

295 848 390 923 nolis
411 865 580 923 externus
603 846 689 950 (rx)
716 846 892 922 declivem
919 847 1047 922 debuit
1070 845 1205 922 hebere
1248 849 1294 922 si-

296 984 375 1044 tum
400 970 557 1074 (xnrr):
587 983 625 1044 ut
650 983 790 1070 septum
817 981 1025 1070 promptum
1052 985 1142 1044 esset
1168 971 1289 1070 singu·
1366 1036 1367 1050 ,

298 1093 345 1168 lis
370 1092 610 1193 suscipiendis
637 1091 792 1190 stapedis
817 1090 1135 1189 impressionibus,
1154 1091 1296 1168 restitui

298 1212 427 1286 debuit
453 1212 529 1310 (xx,
548 1211 662 1311 xnr):
687 1210 770 1285 hinc
786 1211 915 1283 cunulis
932 1213 1092 1312 superior
1108 1207 1168 1312 (v)
1185 1235 1297 1311 opor·

288 1334 369 1404 'tuit
395 1333 473 1404 fieri
500 1357 588 1430 pene
614 1327 912 1432 perpendicularis
937 1327 1099 1430 (xtht)
1114 1358 1125 1403 ε
1142 1357 1230 1432 ergo
1250 1331 1295 1402 ab

293 1447 466 1524 3enteriuri
493 1475 598 1522 eavea
623 1449 695 1522 duo
721 1448 860 1522 canales
885 1435 1026 1524 tuntum
1067 1451 1151 1524 oriri
1186 1475 1294 1552 opor·

200 1557 204 1563 ’
298 1553 399 1659 tuit,
427 1595 518 1642 unns
543 1568 604 1670 qui
630 1567 852 1668 superfluum
878 1565 1097 1659 diverteret,
1124 1569 1214 1644 ulter
1232 1572 1292 1672 qui
1320 1659 1323 1668 Ι

291 1691 497 1763 restitueret
520 1687 731 1790 perditum,
758 1715 829 1765 non
857 1717 948 1765 unus
976 1689 1057 1763 inde
1084 1691 1182 1764 nasci
1224 1717 1295 1792 po·
1368 1751 1369 1754 ,

241 1907 243 1914 y
297 1813 395 1897 tuit,
422 1835 495 1884 non
523 1821 620 1886 tres:
648 1825 684 1884 et
724 1839 794 1885 una
835 1835 941 1885 ceres
975 1837 1079 1912 supra
1116 1825 1292 1914 septum,

293 1929 368 2004 ulie
393 1929 518 2006 debuit
541 1929 634 2004 inlru
661 1955 736 2004 esse
761 1928 923 2031 (xxvr):
952 1945 989 2004 et
1013 1931 1189 2031 posterior
1231 1955 1293 2006 es-

295 2077 392 2145 ven,
419 2077 439 2128 u
465 2078 535 2154 qno
563 2053 720 2128 maxima
747 2051 966 2153 dispergitur
989 2051 1151 2128 bumoris
1176 2079 1290 2152 pars,

296 2174 342 2249 ed
384 2177 546 2252 conulem
587 2176 804 2280 superiorem
845 2173 1013 2276 (xnvr),
1055 2175 1293 2273 posteriorem

294 2293 483 2396 (xnvrr),
511 2295 693 2370 cochleam
732 2294 924 2396 (nuru),
968 2297 1082 2397 ruujur
1123 2293 1294 2370 anteriori

299 2439 377 2490 esse
402 2415 557 2491 debuit:
586 2431 622 2491 et
647 2429 762 2515 stupes
788 2411 1098 2488 hunc'humorem
1138 2411 1285 2513 propul-

298 2561 426 2626 surus,
452 2539 497 2612 in·
512 2536 700 2638 posteriori
726 2560 834 2611 eavea
860 2532 999 2636 ingredi
1033 2533 1222 2635 (xxxrx);
1258 2549 1294 2608 et

297 2659 436 2733 uenales
459 2683 584 2734 omnes
608 2661 814 2734 necessitate
851 2668 1044 2732 structurae
1084 2657 1293 2732 semicircu-

299 2775 425 2865 tar-es,
452 2792 493 2852 ot
518 2777 674 2872 diximus
699 2777 816 2879 (rr),
850 2801 924 2850 esse
949 2775 1177 2852 debuerunt:
1206 2781 1292 2879 quia

297 2901 461 2974 oriuntur
487 2925 506 2970 e
532 2898 732 2986 vestibulo,
759 2897 858 2972 etin
883 2897 1098 2973 vestibulum
1117 2897 1294 2974 redeunt:

299 3031 335 3092 et
360 3019 496 3096 cunulis
523 3022 677 3096 exterior
701 3021 890 3121 posteriori
917 3019 1055 3096 orificio
1089 3045 1201 3120 prope
1234 3045 1296 3094 ve·

295 3142 422 3216 stibuli
449 3141 598 3218 caelum'
613 3141 737 3216 debuit
762 3141 922 3242 operiri,
949 3151 990 3214 ut
1017 3139 1217 3214 emittendo
1240 3144 1295 3214 in-

296 3274 350 3334 tre
378 3257 613 3360 posteriorem
639 3285 814 3353 cereum,
841 3285 950 3364 quum
974 3259 1020 3334 ub
1047 3257 1174 3336 eedem
1199 3267 1298 3338 uoci-

298 3381 431 3485 piendo
458 3397 552 3457 esset
578 3383 723 3486 aptior:
752 3398 861 3484 utque
885 3381 969 3463 hine
995 3381 1075 3458 tulis
1114 3407 1190 3458 esse
1232 3384 1297 3458 de·

295 3504 376 3581 buit
399 3505 568 3580 vestibuli
594 3507 713 3598 situs,
738 3505 782 3578 tt
805 3503 960 3606 longiori
996 3531 1062 3580 exe
1098 3516 1295 3580 retrorsum

295 3619 465 3700 declinet.
495 3624 663 3732 Superior
687 3651 773 3703 vero
800 3627 932 3700 cunulis
958 3627 1119 3728 nequivit
1142 3625 1295 3700 omnino

226 3837 232 3850 ι
296 3741 629 3848 perpendicularis,
657 3749 823 3823 anteriori
853 3763 983 3852 porte,
1008 3761 1109 3848 septo
1136 3771 1229 3838 esse,
1250 3771 1296 3822 ne

296 3865 412 3942 busim
439 3863 629 3941 columnae
655 3865 818 3944 humoris
844 3869 1031 3959 contenti,
1059 3867 1097 3940 in
1123 3867 1204 3968 ipso
1220 3864 1294 3942 lere

298 3986 436 4068 orificio
463 3985 596 4064 canulis
622 3990 758 4069 externi
773 3989 952 4068 obtineret
968 4014 980 4082 ς
998 3991 1294 4092 ejusque'retror·
