2760 4874
744 379 879 472 (148)

363 543 392 612 1.
418 545 531 640 iugum
553 543 756 628 semilunare,
779 539 863 634 quod
896 540 928 606 in
969 542 1124 632 posteriori
1160 547 1285 635 margine

357 711 360 722 r
418 647 521 744 magni
543 653 697 719 foraminis
723 648 861 738 occipitis
883 646 1014 712 uantur
1038 691 1048 725 ,
1072 644 1196 734 quando
1217 670 1286 714 con·

418 771 465 826 tra
487 757 637 826 atlantion
661 769 819 822 retrorsum
842 768 936 842 caput
958 755 1179 844 comprimitur.

304 869 393 940 KK.
418 866 522 936 Falcis
541 864 679 933 cerebelli
704 865 806 933 dextra
828 884 895 953 pars
920 909 931 944 ,
955 865 988 932 iu
1012 885 1073 954 qua
1094 863 1173 932 duae
1195 865 1286 960 plicae

415 979 553 1069 insignes.
1269 957 1273 966 ¹

302 1086 391 1157 LM.
416 1087 504 1156 Sinus
525 1083 654 1152 lateralis
677 1083 779 1148 dexter
800 1081 892 1146 durae
914 1084 1016 1150 matris
1051 1096 1164 1154 resecto
1187 1097 1282 1154 tento·
1324 1141 1325 1144 ,

413 1200 456 1263 rio
479 1207 607 1286 apertus.

346 1299 390 1369 Ν.
416 1303 489 1371 Pars
512 1305 633 1371 inferior
653 1305 733 1367 sinus
754 1295 980 1390 longitudinalis
1003 1316 1073 1364 cum
1089 1293 1193 1364 dextro
1214 1295 1287 1364 late·

415 1413 469 1481 rali
491 1419 556 1480 sinu
580 1417 772 1480 continuata.

331 1519 391 1588 ’0.
417 1519 596 1599 Potamon,
621 1541 682 1609 quo
705 1517 853 1587 mediante
875 1521 954 1584 sinus
977 1513 1228 1606 longitudinalis,
1256 1529 1282 1581 et

377 1643 381 1652 '
413 1629 542 1698 lateralis
564 1629 666 1694 denter
689 1651 758 1695 curu
779 1631 845 1693 sinu
866 1625 983 1696 laterali
1006 1631 1152 1711 sinistro,
1172 1641 1203 1695 et
1233 1652 1281 1694 oc·

409 1739 505 1830 cipitii
527 1741 593 1802 sinu
608 1733 738 1803 inferiori
761 1735 912 1804 Santorini
935 1739 1171 1803 communicant·

299 1846 377 1916 PP.
402 1844 536 1936 Reliqua
557 1869 623 1938 pars
645 1851 725 1913 sinus
745 1844 876 1913 lateralis
898 1841 989 1911 latior
1011 1856 1092 1910 retro
1119 1869 1152 1910 os
1175 1861 1273 1935 petro·

415 1978 481 2022 sum
504 1956 644 2023 dextrum
676 1943 882 2039 desomnem,
907 1949 982 2020 dura
1003 1966 1095 2022 matre
1119 1955 1219 2024 adhuc
1239 1960 1283 2020 in·

410 2081 492 2159 tegre
515 2082 629 2162 operta.

345 2173 391 2264 Q.
415 2175 519 2244 Locus
539 2177 594 2244 sub
618 2198 680 2267 quo
702 2190 745 2243 est
766 2173 895 2242 lateralis
927 2181 1007 2244 sinus
1045 2180 1216 2244 extremitas
1252 2179 1281 2240 in

410 2283 624 2354 diverticulum
647 2284 790 2376 jugulatis
812 2307 906 2352 venae
929 2287 1099 2352 terminata.

342 2393 389 2460 R.
414 2391 572 2486 Orificium
595 2393 775 2483 triangulare
801 2399 881 2460 sinus
904 2392 1013 2478 petrosi
1035 2395 1203 2483 superioris,
1223 2411 1279 2480 quo

412 2522 484 2566 cum
506 2498 622 2567 laterali
645 2503 712 2582 sinu,
732 2506 950 2567 communicat.
968 2541 971 2547 ·

346 2609 384 2676 S.
406 2609 525 2675 Arteria
548 2610 704 2695 menirrgea
727 2612 872 2698 posterior
894 2605 987 2674 durae
1009 2613 1127 2676 matris.

303 2714 379 2784 TV.
405 2714 488 2782 Nudi
511 2724 655 2808 margines
677 2720 780 2783 resecti
806 2720 875 2782 ossis
898 2715 1057 2784 calvariae.

343 2827 391 2896 X.
415 2827 533 2895 Arteria
558 2827 725 2894 vertebralis
748 2828 856 2896 dextra
877 2839 987 2894 resecta
1010 2828 1048 2895 ab
1079 2832 1213 2919 ingressu
1234 2832 1276 2894 in·

410 2953 457 3006 tra
479 2936 653 3006 calvariam.

352 3073 382 3116 a.
407 3045 508 3114 Tertii
532 3051 609 3138 paris
632 3072 790 3139 nervorum
813 3049 927 3114 cerebri
948 3071 1054 3112 nervus
1078 3047 1204 3128 dexter,
1228 3049 1276 3136 qui

403 3156 508 3223 duram
531 3170 655 3222 matrem
677 3156 828 3246 perforans
852 3155 890 3222 ad
913 3154 994 3222 oculi
1016 3154 1173 3246 plerosque
1211 3179 1275 3222 mu·

404 3264 501 3331 sculos
524 3280 582 3332 etc.
608 3263 714 3334 fertur.

239 3357 242 3370 ⁵
350 3375 383 3439 b.
409 3371 527 3442 Nervus
549 3379 651 3468 quarti
673 3381 762 3467 paris,
788 3377 981 3469 patheticus,
1000 3373 1273 3444 introchleatorem

409 3481 492 3550 oculi
514 3483 683 3552 musculum
707 3486 865 3574 dispersus.

327 3611 390 3660 cc:
415 3591 534 3658 Nervus
557 3598 635 3683 paris
658 3600 769 3686 quinti.

316 3701 383 3769 dd.
409 3698 569 3772 Otificium
591 3708 668 3770 sinus
693 3701 839 3792 vrginalis
860 3703 953 3771 durae
969 3707 1095 3787 matris,
1119 3725 1271 3795 perquem

409 3825 529 3882 truncus
547 3820 628 3886 nervi
651 3818 725 3906 paris
749 3817 846 3904 quinti
869 3813 960 3884 libere
982 3817 1141 3884 decerne·
