2790 4872
719 459 817 554 (4)

289 631 424 701 unum,
454 629 601 687 summa
628 609 803 709 quidem,
830 614 1169 712 atqueconp'ancta
1184 636 1269 710 per·
1386 629 1387 674 ³

291 735 413 806 tinere
439 729 684 804 videbantur.
717 716 893 803 Timidac
918 727 1113 826 optabam,
1142 757 1274 806 rocen-
1386 719 1387 756 ³

279 860 393 954 *rique
418 851 595 950 opellae,
618 858 658 926 in
685 851 811 927 lucem
857 847 1082 950 proditnrae
1119 859 1271 938 virtutis

291 958 492 1046 maximoe
515 985 752 1072 patronum,
781 977 848 1075 qni
875 974 998 1069 ipsam
1029 980 1165 1048 mattea
1205 981 1275 1048 im·

284 1091 491 1167 bccillitate
516 1091 712 1168 labantem
728 1098 931 1166 sustineret
952 1091 1273 1169 :benemerentem

287 1215 505 1313 optabam,
534 1218 604 1287 cai
638 1214 750 1310 longe
774 1235 893 1310 sopra
920 1219 1019 1288 eires
1064 1215 1270 1290 obstrictas

286 1341 390 1438 grati
416 1337 556 1410 saltem
585 1341 706 1408 animi
737 1358 871 1408 sensas
896 1333 1051 1431 publico
1089 1335 1270 1433 explica-

283 1480 363 1530 rem
389 1469 654 1529 monumento.
684 1455 832 1527 Horam
858 1467 984 1526 antem
1011 1458 1196 1551 primum,
1237 1479 1265 1529 a

281 1599 361 1677 qno
385 1575 472 1650 crab
508 1573 690 1666 bomine,
717 1579 794 1647 nisi
819 1601 844 1648 a
877 1574 934 1648 Te
958 1578 1269 1672 potr'ssimmex·

278 1693 551 1791 pectendum?
581 1694 687 1770 Nam
724 1698 760 1767 si
787 1693 840 1766 ad
866 1689 941 1765 hoc
966 1699 1116 1792 generis
1131 1694 1267 1768 nobili·

277 1830 340 1888 ias
354 1812 496 1912 facit,
529 1815 591 1892 Ta
617 1841 673 1891 eac
696 1840 839 1890 summo
870 1815 1178 1890 calmontensium
1202 1843 1266 1914 ge·

277 1961 371 2010 nere
398 1961 438 2012 es
456 1967 466 2030 ;
496 1944 529 2012 si
555 1937 719 2012 bonores
738 1993 749 2028 ‚
782 1940 839 2012 Te
854 1991 864 2027 ‚
882 1963 977 2040 qnos
993 1942 1176 2034 expetere
1192 1938 1265 2008 da-

266 2045 360 2134 ‘tnm
384 2063 456 2150 est,
485 2063 626 2134 scimus
655 2081 785 2132 omnes
810 2065 848 2134 in
875 2063 1000 2161 prima
1027 2075 1154 2134 aetate
1166 2072 1261 2160 fere

277 2176 533 2274 exhausisse3
562 2189 597 2256 si
621 2184 777 2257 tandem
804 2187 1043 2268 auctoritas,
1071 2207 1118 2254 ea
1144 2196 1260 2287 torota

275 2308 313 2375 in
345 2302 403 2376 Te
429 2319 519 2393 est,
547 2318 733 2405 quantam
757 2329 896 2400 parere
921 2303 1064 2388 solent,
1087 2301 1260 2402 justitia,

274 2419 522 2511 liberalitas,
552 2419 806 2514 beneficentia
826 2477 836 2513 ‚
844 2423 954 2520 fides
977 2443 1167 2522 ‚quaram
1183 2425 1260 2494 oir-

275 2555 405 2615 tntam
430 2546 546 2639 copia
573 2534 837 2639 splendesciss
867 2541 1038 2616 Alteram
1064 2565 1157 2614 vero
1198 2545 1256 2610 ita

273 2661 332 2735 Te
357 2673 535 2760 spectat,
563 2677 603 2734 at
628 2678 732 2736 certe
757 2686 836 2736 non
860 2665 937 2750 sit,
978 2661 1045 2764 qni
1082 2655 1157 2733 lioc
1181 2679 1252 2754 pa·

266 2785 361 2853 riter
387 2779 522 2856 labens
547 2781 621 2854 sibi
637 2782 819 2856 vindicet.
841 2781 1057 2853 Eccninam
1072 2801 1140 2878 ego
1157 2800 1257 2876 prae

276 2901 336 2975 Te
362 2907 533 2974 maxime
560 2901 765 2976 devinctus
792 2907 937 2990 rivam,
964 2905 997 2972 si
1029 2897 1088 2975 Te
1114 2921 1191 2972 ano
1211 2900 1252 2968 in

269 3027 406 3122 primis
432 3029 616 3120 auspice,
645 3029 719 3097 vix
746 3024 848 3096 sende
874 3023 1253 3097 vicesimnmoetatis

267 3163 414 3214 annom
440 3145 662 3239 ingressas,
686 3144 742 3215 =in
780 3148 952 3240 principe
987 3139 1100 3238 baias
1142 3136 1251 3214 urbis

273 3257 601 3352 Valetudinario,
631 3263 769 3338 medici
796 3286 946 3355 manas,
973 3261 1128 3360 publico
1155 3255 1247 3336 mibi

273 3385 485 3456 certamine
511 3383 731 3482 decretam,
760 3388 832 3460 etsi
856 3382 1067 3458 dicentibus
1108 3397 1250 3459 eontra

266 3503 465 3604 plurimis,
494 3523 699 3580 assecutus
716 3530 827 3598 srm3
856 3511 892 3582 si
917 3527 1054 3608 magno
1081 3505 1141 3576 illi
1167 3555 1178 3592 ,
1205 3505 1246 3574 in

260 3647 339 3724 qno
367 3649 425 3702 me
448 3625 681 3715 collocasti,
709 3630 808 3702 artis
833 3630 1015 3721 emporio.
1051 3623 1142 3700 Tua
1158 3645 1245 3700 enm

260 3750 395 3843 primis
417 3769 565 3858 opera,
590 3759 803 3822 constituto
830 3752 972 3846 insigni
996 3746 1243 3836 Academia,

155 3875 160 3888 '
259 3883 442 3943 extructo
468 3871 695 3948 Anatomico
726 3866 929 3960 Thisben,
957 3872 1153 3944 concitata
1188 3865 1245 3942 ad

259 3988 420 4066 meliora
442 3988 577 4064 stadia
596 3975 820 4086 inventute,
839 3994 1092 4094 praemiorum
1108 3995 1237 4070 nonai·
