2760 4874
732 461 870 554 (η’)

305 629 407 706 Urbe
432 627 553 708 Italiae
578 626 799 716 uerissima,
824 609 870 706 ab
911 625 1011 704 omui
1049 631 1220 704 memoria
1244 630 1299 702 in·

302 753 496 854 geniorum
522 742 620 821 cultu
644 759 878 848 praestante,
907 759 1018 820 matre
1043 745 1218 822 honarum
1245 773 1300 819 ar·

303 875 397 948 tium
422 881 459 944 et
482 867 606 944 altrice
622 924 633 960 ,
651 871 681 942 si
705 867 840 944 litteras
865 867 1010 942 laudare
1025 869 1298 968 susciperemus,

301 1013 369 1094 pen
392 1013 572 1068 sumnam
594 991 762 1090 injunium
787 990 971 1092 egregium
997 1003 1138 1064 normes
1162 991 1295 1087 gentis,

303 1129 338 1190 et
362 1113 645 1189 vetustissimum
669 1112 809 1202 decus,
834 1126 895 1184 aut
919 1113 1109 1212 ignorare,
1138 1123 1200 1185 aut
1225 1110 1298 1184 dis·

301 1235 465 1310 simulare
490 1234 707 1312 videremur.
734 1235 801 1310 Est
824 1232 915 1310 milri
940 1231 1091 1308 dicendi·
1109 1223 1297 1334 ¹'proposita

298 1356 472 1460 materia,
500 1379 583 1428 cum
613 1353 778 1456 ipseper
815 1379 853 1427 se
893 1353 1216 1456 eloquentissima,
1261 1368 1294 1426 et

297 1501 366 1547 una
393 1477 432 1548 in
456 1475 622 1548 omnibus
646 1473 777 1576 digua,
805 1475 863 1550 cui
890 1497 989 1548 aures
1027 1471 1194 1548 accedent
1237 1497 1296 1549 eo·

298 1617 405 1676 rum,
431 1595 494 1692 qui
517 1617 555 1666 se
572 1585 781 1666 'commodis
806 1605 923 1686 amant
963 1591 1137 1666 devovere
1176 1592 1295 1690 reipu-

295 1707 540 1798 bliuae31um
565 1737 651 1786 vero
677 1711 780 1811 hujus
819 1710 891 1784 diei
926 1711 1143 1801 celebritati,
1188 1722 1295 1810 atque

295 1825 386 1898 adeo
411 1826 495 1900 hnic
534 1830 749 1932 frequenti,
789 1829 1075 1931 amplissimoque
1116 1834 1297 1904 consessui

294 1945 590 2041 accommodam
620 1963 753 2026 utnon
780 1965 852 2026 tana
892 1975 1039 2052 poscere
1072 1949 1294 2026 laudatorem

296 2069 375 2160 sui,
401 2069 753 2175 praedicatoremque
777 2072 963 2166 videatur,
1002 2095 1110 2172 quam
1152 2071 1292 2146 auditu-

298 2213 393 2264 rem.
419 2190 621 2270 Dicendum
647 2207 700 2268 est
725 2192 849 2284 euim,
876 2203 981 2291 atque
1022 2215 1210 2292 congrua,
1254 2203 1292 2264 ut

296 2317 415 2410 pulo,
442 2307 624 2386 videbitur
647 2310 759 2386 oratio
784 2311 958 2409 majestati
982 2308 1087 2409 hujus
1112 2311 1196 2402 luci,
1226 2311 1294 2411 ipsi

294 2425 487 2522 supientiae
512 2427 600 2504 souti
626 2431 847 2518 consecrati,
874 2443 911 2502 et
943 2431 1018 2504 mei
1058 2429 1213 2504 muneris
1240 2430 1292 2504 di-

292 2545 453 2644 gnitati,
475 2550 537 2650 qui
562 2547 607 2624 ad
634 2550 806 2649 optimam
828 2545 1053 2647 disciplinam
1067 2545 1157 2620 hane
1182 2573 1291 2648 egre·

294 2665 396 2764 giam
418 2667 637 2763 juventutem
662 2669 814 2744 debeam
839 2656 1045 2755 aulonam
1072 2665 1159 2766 quid
1184 2669 1233 2740 sit
1258 2670 1291 2742 iu

291 2783 473 2856 communi
497 2783 591 2860 vitae
616 2787 781 2862 societate
820 2786 1005 2861 hominem
1038 2809 1075 2858 se
1114 2801 1292 2886 praestare

291 2901 518 3002 sapientem,
545 2918 583 2978 ut
607 2934 678 3010 qno
721 2912 766 2987 sit
806 2911 915 2988 modu
941 2909 1088 2984 adrem
1126 2923 1289 2999 tantam,

292 3033 440 3122 tamque
465 3025 681 3126 praeclaram
706 3025 845 3106 enimus
870 3030 1163 3133 praeparandus.
1194 3028 1292 3102 Cum

288 3143 334 3214 sit
360 3144 456 3216 enim
481 3147 649 3245 sapientia
673 3173 743 3224 nne
767 3175 847 3238 res,
872 3175 938 3252 qua
964 3151 1080 3224 omnis
1121 3150 1289 3248 privata,

287 3263 403 3338 omnis
429 3261 572 3364 publiea
596 3267 728 3342 utilitas
763 3275 985 3364 continetnr3
1025 3284 1062 3344 et
1102 3293 1175 3344 non
1214 3284 1288 3346 tam

286 3407 459 3474 munere,
483 3385 732 3492 beneficioque
756 3403 924 3486 naturae,
949 3418 1059 3493 quam
1083 3393 1193 3466 animi
1217 3395 1289 3466 vir-

286 3517 390 3596 tute,
418 3517 530 3606 etque·
547 3505 669 3586 labore
695 3515 739 3588 ait
763 3513 1023 3615 comparanda3
1051 3516 1119 3588 nisi
1145 3529 1287 3612 paratus
1365 3563 1366 3588 i

286 3625 456 3718 suimus,
484 3637 520 3698 et
544 3629 734 3706 instructus
757 3633 952 3725 afferatur,
981 3631 1083 3708 facile
1117 3637 1192 3708 fieri
1219 3661 1288 3736 po·

288 3759 390 3837 test,
416 3757 454 3818 ut
478 3747 537 3824 vel
563 3761 678 3826 tentae
703 3755 754 3828 rei
779 3751 984 3831 difficultate
1008 3753 1199 3830 deterritus
1223 3755 1290 3830 de·

291 3867 391 3940 sistat
415 3865 462 3942 ab
486 3865 643 3969 incepto,
663 3872 720 3946 vel
742 3871 847 3946 aliam
872 3885 989 3954 evera
1004 3873 1211 3974 complexus
1226 3901 1283 3948 sa·

280 3986 435 4087 pientiae
450 3987 629 4094 formum,
646 4021 666 4068 a
684 4021 754 4096 qua
773 3996 925 4074 maxine
942 3997 1055 4081 absit,
1072 3999 1287 4100 sapientium
