2756 4874
509 355 527 442 (
550 353 651 446 stt)

98 478 298 592 moratu}
323 537 367 591 ex
392 527 445 591 tot
468 517 625 619 cymhnli
652 515 795 596 nhordis
819 547 928 598 onem
951 536 1084 598 tremo

96 659 157 724 re,
183 659 280 736 qnae
304 634 339 712 in
365 633 494 712 eodem
521 639 670 714 unisono
686 666 768 714 cum
790 665 879 714 sono
904 641 988 716 doto
1014 658 1081 734 est,

94 758 137 830 ite
160 759 198 831 in
224 757 351 855 qnietis
374 755 459 832 dato
485 784 604 848 sono,
627 760 719 835 intre
744 760 961 852 cochleam,
990 791 1086 865 qnne

91 875 295 974 eymhnlurn
320 889 480 952 nostrum
506 889 559 950 est
577 929 588 966 ,
605 881 749 978 propris
765 881 910 954 mirone
937 905 1084 980 respon·

91 995 172 1071 dens
196 996 333 1072 chordo
357 997 490 1090 detor,
517 1023 609 1098 quse
636 999 782 1072 unisone
797 1003 1077 1076 contremiscens

94 1120 161 1214 ejnr
183 1121 265 1192 seni
291 1120 430 1194 eoi-ee
455 1119 720 1194 distinctionem
747 1119 920 1194 exhibet.
939 1121 981 1194 ln
1007 1122 1076 1200 hoo

92 1237 241 1314 lortsssis
268 1244 360 1315 sntio
385 1245 497 1340 posito
525 1255 577 1314 est
602 1263 666 1314 cur
690 1241 843 1318 duorum
862 1241 1078 1318 circulorum

93 1383 166 1432 cnm
190 1358 344 1432 dimidio
370 1359 632 1462 longitudinem
659 1361 805 1435 cochlea
831 1387 902 1435 non
920 1361 1081 1454 excedat,

92 1481 178 1578 qnasi
204 1485 242 1554 in
270 1507 314 1555 eo
340 1483 510 1556 contineri
535 1482 640 1582 possit
667 1483 782 1582 spotio
806 1496 923 1556 tentae
965 1483 1084 1584 longi·
1158 1463 1160 1468 ⁵

92 1600 214 1676 tudinis
240 1627 358 1694 none,
386 1617 426 1674 nt
451 1602 602 1696 hahent,
628 1603 813 1702 possibiles
838 1629 963 1678 omnes
980 1602 1084 1676 chor·

96 1719 174 1810 dns,
201 1724 326 1816 tonis,
348 1747 442 1824 quos
465 1725 588 1798 audire
613 1749 828 1824 possumus,
856 1729 1003 1798 unisone
1027 1747 1087 1796 ne·

95 1827 310 1942 spondentes.
337 1843 448 1942 Septa
474 1845 585 1944 igitur
609 1865 736 1919 sonu·
762 1843 994 1944 percipimus,
1021 1867 1083 1916 eo·

98 1957 185 2035 thlee
210 1976 316 2036 tonos
341 1960 607 2036 discernimus.
633 1962 707 2036 Sed
732 1961 778 2035 do
802 1961 859 2034 his
892 1964 1008 2049 elias,
1049 1973 1089 2034 et

99 2081 218 2179 plote.

186 2203 326 2279 xcut.
354 2205 446 2280 Gom
475 2203 585 2304 igitur
609 2199 826 2276 ostenderim
852 2201 1084 2276 exncostico-

99 2345 169 2396 rnrn
194 2347 390 2399 nervos-nm
415 2349 564 2399 numero
588 2322 849 2398 oscillationem
887 2323 931 2394 iis
971 2322 1089 2394 sonori

97 2446 243 2539 eorporis
271 2445 348 2544 peri
373 2440 534 2518 nuditum
560 2467 770 2544 emergere,
797 2457 833 2516 et
856 2441 902 2514 sd
928 2441 993 2515 hoc
1019 2467 1080 2514 ne-

98 2570 201 2636 tunm
230 2591 267 2640 r.
295 2576 392 2637 recte
430 2587 622 2640 nervosum
661 2559 837 2640 vestibulo
871 2557 1010 2638 de'diose
1035 2585 1090 2632 se-
1123 2603 1127 2615 ·

97 2689 202 2775 ptem,
230 2705 271 2756 ι.
298 2683 427 2756 rectius
439 2681 624 2756 humorem
641 2677 680 2754 id
711 2680 883 2782 undique,
906 2677 1088 2756 cochleae·

97 2821 158 2897 qus
181 2827 339 2892 nonem,
366 2803 592 2904 reliquosque
616 2797 809 2900 labyrinthi
835 2823 963 2874 nervos
988 2803 1087 2872 endr-

99 2931 259 3015 tentem,
286 2918 325 2996 3.
352 2933 553 3022 opportune
580 2921 718 2994 canales
744 2919 1022 2994 semicirculum
1038 2921 1086 2993 itn

100 3042 253 3134 potitos,
279 3054 321 3114 nt
345 3065 532 3116 nervorum
559 3053 699 3113 motum
726 3042 999 3140 permitterent,
1024 3037 1089 3112 sed

101 3181 274 3264 nunqnam
300 3161 481 3236 delectum
507 3160 665 3236 humoris
689 3163 1014 3250 circumsonor,
1043 3159 1088 3234 stl

102 3299 369 3375 tupersncnness
390 3284 626 3356 oscillationes
661 3281 971 3380 compescendos,
1010 3279 1087 3356 lieri

101 3399 269 3491 sinerent,
295 3405 333 3498 4·
362 3405 488 3476 merito
513 3401 704 3505 denegasse
721 3407 841 3476 aerem
866 3401 1086 3502 labyrintho,
1209 3479 1214 3490 .

101 3535 141 3590 tte
160 3526 474 3612 siccaretnervos,
500 3515 742 3626 ordinetisqire
768 3525 983 3598 motionibus
1008 3525 1088 3598 red·
1168 3573 1172 3583 ·

101 3635 191 3716 deret
213 3650 375 3748 ineptos,
402 3649 492 3724 illud
518 3647 608 3722 milri
646 3649 786 3724 videtur
820 3671 893 3724 esse
932 3649 1089 3748 reliqui,

102 3772 137 3833 nt
157 3769 369 3858 ostendam,
396 3767 576 3868 quomodo
600 3771 767 3844 continue
792 3769 952 3845 humoris
977 3773 1089 3868 jactu-

101 3901 148 3981 n,
170 3911 277 3990 quem
304 3894 343 3970 ie
370 3893 516 3996 singulo
536 3891 689 3996 stapedis
712 3893 870 4006 impulsu
884 3917 945 3998 per
963 3915 1092 4003 aquen·
