2756 4874
700 393 852 486 (ιω),

272 568 488 646 unanimiter
513 561 762 652 destinarunt,
794 563 923 666 quibus
948 588 994 640 ne
1016 589 1079 667 per
1093 566 1272 644 somnium

271 690 420 794 quidem
442 689 481 764 id
506 723 632 772 neren
661 687 854 788 praefecit.
896 684 989 761 Nam
1027 689 1086 762 Du
1126 690 1269 766 Verne-

268 841 340 918 yus
363 816 414 916 (i)
441 815 478 890 in
503 812 571 890 hoc
595 812 755 888 foramen
780 809 959 884 canalem
985 809 1167 886 desinere
1205 837 1269 888 os·

274 945 424 1023 seruit,
451 938 517 1038 qni
544 931 599 1008 ub
626 936 724 1008 ostio
758 927 956 1032 prtsjeotus
1001 933 1041 1003 iu
1078 946 1193 1028 parte
1219 937 1277 1006 iu·

258 1061 413 1175 juniori
438 1060 535 1132 ossis
560 1057 733 1153 petrosi,
760 1048 866 1153 iufra
892 1049 991 1124 iilud
1003 1107 1015 1140 ,
1054 1075 1126 1152 per
1164 1053 1273 1154 quod

273 1205 411 1258 neruus
435 1175 651 1252 auditorius
676 1174 835 1262 transit,
864 1174 1079 1265 existente,
1101 1177 1272 1248 arteriae

276 1317 313 1376 et
338 1325 459 1377 oenoe
490 1299 647 1400 pervius
672 1307 800 1382 esset,
827 1316 931 1395 quae
955 1295 1054 1370 rami
1081 1293 1270 1370 corotidis

274 1438 428 1511 essent,
455 1433 493 1494 et
511 1420 705 1522 jugulatis
729 1420 937 1508 internae,
964 1421 1106 1521 quique
1146 1419 1272 1518 iongi-

225 1620 228 1632 ,
273 1543 440 1618 udinem
465 1541 594 1614 lineae
618 1541 760 1628 unius,
788 1550 826 1610 et
854 1535 1034 1611 dimidiae
1058 1535 1260 1614 obtineret.

279 1659 557 1752 Cessebohmius
580 1684 665 1734 vero
692 1657 790 1758 (m),
818 1656 883 1732 etsi
908 1658 947 1730 iu'
973 1683 1016 1731 eo
1040 1657 1203 1734 videatur
1244 1685 1265 1736 e
1358 1671 1359 1674 ’

277 1783 338 1856 Du
364 1779 530 1880 Verneyo
555 1777 767 1853 dissentire.
792 1774 889 1878 quod
914 1775 972 1848 hic
1014 1773 1121 1877 infra
1147 1773 1269 1879 soro·

279 1925 365 1974 meu
392 1899 624 1974 auditorium
650 1903 838 1970 internum
863 1893 970 1998 hujus
995 1896 1179 1972 foraminis
1211 1923 1270 1974 cu·

281 2020 400 2096 uelem
425 2022 556 2124 aperiri
582 2017 741 2107 scribut,
765 2020 841 2118 ipse
863 2044 948 2094 vero
975 2019 1032 2093 od
1054 2026 1177 2115 panis
1201 2043 1267 2117 pes

246 2215 250 2231 ,
282 2158 415 2220 trosae
440 2147 682 2246 superficiem
703 2156 939 2234 externam,
966 2158 1004 2216 et
1027 2143 1264 2245 inferiorem,

282 2267 322 2338 in
349 2267 494 2339 uicinia
518 2269 700 2342 navitatis
725 2265 831 2340 iilius
857 2275 956 2364 putet
977 2268 1271 2367 pertingere,·in

276 2407 364 2482 quo
390 2407 512 2460 venae
530 2383 917 2486 jugularisinteruae
931 2388 1161 2484 principium
1185 2385 1268 2460 ool-

289 2503 466 2592 locatum
493 2525 536 2576 eo
561 2514 680 2576 umen
703 2503 858 2595 recidit,
886 2518 926 2577 ut
951 2505 980 2577 si
1005 2528 1077 2577 non
1102 2502 1174 2578 duo
1188 2560 1200 2595 ,
1227 2515 1270 2578 nt

276 2620 343 2694 ·Du
384 2622 602 2722 Verneyus,
640 2621 812 2714 vascula,
838 2624 1004 2698 arterium
1040 2645 1199 2724 nempe,
1227 2637 1265 2698 et

273 2767 440 2832 uenum,
466 2759 726 2820 uuum‘tomen
750 2742 768 2842 (
792 2746 920 2820 arteria
946 2769 990 2818 ne
1013 2745 1084 2839 sit,
1109 2771 1153 2820 en
1181 2775 1273 2826 vena

277 2859 515 2939 dissimulans
539 2866 555 2966 )
579 2891 653 2967 per
677 2864 866 2963 foramen
909 2868 1120 2942 indicatum
1161 2885 1271 2944 tron-

278 2989 377 3060 νείκε’
391 3003 428 3060 et
453 2990 492 3060 in
518 2993 691 3090 tympani
716 2990 868 3066 scalam
907 2985 1105 3092 dispergi,
1148 2989 1276 3067 videte

284 3100 359 3184 sibi
382 3108 584 3205 contigisse
603 3105 671 3207 (u)
687 3105 921 3182 fidentissime
944 3121 1087 3185 usserat.
1115 3109 1197 3183 lmo
1216 3133 1277 3202 eo,

280 3225 362 3306 siue
388 3228 549 3317 erroris,
577 3229 653 3306 sive
668 3230 932 3329 imaginationis
947 3231 982 3306 vi
998 3245 1187 3332 provectus
1206 3246 1275 3324 est,

289 3359 330 3418 ut
354 3346 642 3449 elegentissime,
675 3351 706 3423 si
729 3375 799 3455 que
823 3375 979 3452 unquam
1013 3349 1112 3440 ulia,
1150 3351 1281 3445 icone,

292 3471 476 3545 vasculum
502 3495 545 3546 eo
571 3473 616 3546 ab
641 3471 811 3548 lorumiue
835 3471 986 3574 pinxerit
1006 3473 1065 3574 (o)
1078 3498 1282 3576 emergens,

297 3585 396 3696 quod
421 3593 603 3690 incautis,
627 3595 783 3672 maxima
821 3593 1014 3689 facilitate,
1052 3595 1128 3671 veri
1160 3597 1283 3697 specie

333 3862 374 3952 (Ι)
396 3823 476 3934 55⁶·
501 3870 556 3936 ⁰³⁸·
659 3831 668 3838 ’
801 3869 850 3959 (¹¹)
872 3864 921 3936 1¹³·
943 3865 974 3958 l·
1000 3869 1078 3962 247·

335 3974 395 4064 (u)
414 3969 490 4048 Lib.
516 3980 571 4048 sit.
596 3980 709 4072 §³99-
800 3985 850 4074 (o)
873 3977 1219 4074 sutietatem
1247 4005 1282 4062 a,
