2756 4874
536 437 655 530 (9³)

859 579 863 597 t

98 611 255 698 ficiem,
283 607 341 682 eui
367 626 432 706 pro
457 604 627 705 periostio
653 620 706 682 est
730 604 748 710 (
766 627 833 686 avt
854 602 894 710 ).
913 612 1011 692 Dum
1029 637 1093 694 ve-

101 760 143 808 ro
169 757 190 805 a
216 729 331 804 libero
357 727 486 801 orificii
511 730 673 830 margine
703 743 758 806 est
781 732 1010 827 reflectenda,
1027 739 1095 838 pli·

101 881 184 928 cam
209 851 356 926 brevem
384 847 521 937 efficit,
547 845 666 918 eidem
689 849 839 950 margini
867 855 1095 950 continuam,

102 972 223 1046 tenuis
249 969 403 1042 tentorii
428 965 540 1040 forma
558 1019 570 1057 ,
586 989 705 1068 quarn
732 967 769 1040 in
802 967 1019 1074 diligenter,
1059 991 1096 1052 et

101 1092 241 1194 absque
265 1089 341 1162 ullo
367 1089 458 1162 ueris
483 1113 648 1174 accessu,
676 1088 839 1164 arefactis
863 1091 1092 1194 labyrinthis,

103 1207 392 1313 frequentissime
418 1205 617 1282 observavi.
647 1205 752 1280 Patet
775 1232 822 1282 ex
855 1207 956 1302 boc,
983 1217 1096 1316 origi.

105 1360 192 1407 nem
218 1334 297 1432 ejus
320 1329 506 1430 periostii,
543 1325 641 1428 quod
672 1327 917 1428 labyrinthum
948 1333 1093 1414 invertit

31 1513 34 1524 ,
104 1454 209 1554 (xva
231 1451 279 1552 ),
306 1479 327 1527 a
350 1449 459 1524 durae
482 1450 605 1526 matris
628 1447 756 1524 lamina
781 1452 950 1527 exteriori
967 1461 1097 1532 certius

97 1569 381 1661 deducendam,
407 1594 517 1670 quana
541 1567 587 1642 ab
612 1565 683 1640 illis
721 1565 825 1668 hujus
863 1572 1094 1652 membranae

103 1689 421 1792 productionibus,
448 1713 536 1788 quas
559 1712 682 1762 secum
723 1689 871 1796 nervia
914 1699 1097 1774 communi
1146 1679 1147 1684 ἵ

104 1811 228 1886 canale
252 1811 343 1885 intra
370 1807 584 1887 vestibulum
610 1801 769 1899 inferre,
803 1805 918 1884 voluit
941 1810 979 1882 in
1021 1813 1096 1912 pri·
1129 1821 1135 1834 ”

106 1935 179 2008 mis
202 1930 485 2006 Cassebobmius.
513 1925 574 2030 (rt)

209 2052 314 2128 LXI.
342 2050 495 2124 Interior
519 2071 602 2122 roro
628 2043 757 2119 lamina
781 2044 890 2122 durae
915 2049 1097 2126 matriali-

104 2175 192 2248 bera
219 2185 301 2246 aute
326 2174 452 2246 rimam
485 2165 617 2268 (arx)
642 2169 820 2257 excurrit,
846 2193 960 2272 neque
998 2185 1099 2245 erte-

101 2295 192 2370 riori
219 2295 401 2381 laminae,
429 2304 468 2364 nt
493 2288 673 2390 ceteroqui
700 2287 812 2382 solet,
839 2306 901 2366 rut
926 2293 962 2365 in
989 2291 1100 2368 rimae

103 2413 282 2514 regione,
311 2425 370 2486 ant
394 2411 432 2482 in
460 2433 505 2482 co
532 2406 639 2496 loco,
682 2411 743 2510 qui
786 2413 948 2512 proxime
986 2415 1098 2490 rimae

104 2533 349 2635 supponitur,
378 2546 433 2606 est
458 2529 630 2632 alligata:
657 2530 718 2604 sed
741 2529 894 2606 liberam
919 2557 1006 2608 cum
1032 2559 1099 2610 ex·

105 2655 232 2730 teriori
257 2653 383 2728 lamina
410 2655 618 2726 cavitatem
659 2653 868 2752 intercipit,
912 2679 981 2756 qua
1006 2657 1096 2730 rima
1111 2637 1164 2668 χ

102 2774 276 2852 veubuti
302 2773 541 2878 aquaeductus
567 2789 620 2848 est
647 2788 805 2874 excepta.
824 2775 968 2851 Caritas
994 2775 1097 2868 baec,

104 2904 235 3002 cujus,
262 2923 327 3000 pro
354 2899 508 2972 maxima
535 2908 683 2970 naturae
708 2899 952 2986 inconstantia,
980 2925 1097 3001 neque

107 3018 254 3110 forma,
282 3018 347 3092 etsi
373 3017 418 3091 ad
445 3015 582 3090 ovalcm
607 3015 809 3119 frequenter
833 3018 1007 3110 accedat,
1034 3045 1099 3094 ne-

106 3164 178 3242 que
202 3133 404 3238 amplitudo
429 3148 546 3238 potest
569 3133 707 3211 deliniri
724 3162 735 3226 3
754 3136 907 3234 quoties,
933 3136 1095 3216 dissectis

106 3260 335 3361 parietibus,
374 3257 638 3360 perlustratur,
674 3258 895 3358 superficiem
937 3259 1098 3336 laevissi-

105 3407 204 3458 mem
229 3378 414 3456 ostendit:
440 3381 490 3452 ita
515 3393 556 3452 ut
581 3377 702 3473 nihil,
728 3394 793 3454 not
818 3384 1018 3484 superficiei
1034 3409 1094 3459 ca·
1125 3361 1128 3366 ¹

108 3501 197 3576 nalis
221 3499 312 3574 ossei
346 3493 583 3602 aquaeductus
622 3519 727 3600 supra
751 3498 891 3599 (aar)
913 3525 1092 3577 memora-

108 3639 194 3714 tae,
223 3637 286 3696 aut
311 3620 378 3724 ipsi
402 3619 506 3696 faciei
530 3619 642 3694 durae
665 3622 790 3701 matris
813 3621 1003 3699 cerebrum
1017 3651 1099 3726 spe·

111 3743 248 3836 cunti,
276 3739 475 3818 concedere
499 3743 687 3818 videatur,
715 3742 858 3822 Accidit
891 3759 1008 3821 tamen
1034 3745 1098 3822 ali-

510 3905 693 3938 “vnn-

151 4009 203 4100 (a)
227 4005 300 4076 Lib.
323 4012 378 4080 eit.
405 4011 437 4097 ς.
465 4027 545 4080 aaut
