<?xml version="1.0" encoding="UTF-8"?>
<!DOCTYPE html PUBLIC "-//W3C//DTD XHTML 1.0 Transitional//EN"
    "http://www.w3.org/TR/xhtml1/DTD/xhtml1-transitional.dtd">
<html xmlns="http://www.w3.org/1999/xhtml" xml:lang="en" lang="en">
 <head>
  <title>
</title>
<meta http-equiv="Content-Type" content="text/html;charset=utf-8" />
  <meta name='ocr-system' content='tesseract 3.04.00' />
  <meta name='ocr-capabilities' content='ocr_page ocr_carea ocr_par ocr_line ocrx_word'/>
</head>
<body>
  <div class='ocr_page' id='page_1' title='image "./opusculamedica01cotugoog_0135.png"; bbox 0 0 2756 4874; ppageno 0'>
   <div class='ocr_carea' id='block_1_1' title="bbox 734 415 919 550">
    <p class='ocr_par' dir='ltr' id='par_1_1' title="bbox 734 415 919 550">
     <span class='ocr_line' id='line_1_1' title="bbox 734 415 919 550; baseline -0.011 -1"><span class='ocrx_word' id='word_1_1' title='bbox 734 415 919 550; x_wconf 68' lang='lat' dir='ltr'><strong>&lt;ott</strong></span> 
     </span>
    </p>
   </div>
   <div class='ocr_carea' id='block_1_2' title="bbox 288 615 1365 753">
    <p class='ocr_par' dir='ltr' id='par_1_2' title="bbox 288 615 1365 753">
     <span class='ocr_line' id='line_1_2' title="bbox 288 615 1365 753; baseline -0.016 -38"><span class='ocrx_word' id='word_1_2' title='bbox 288 615 334 716; x_wconf 84' lang='lat' dir='ltr'><strong>de</strong></span> <span class='ocrx_word' id='word_1_3' title='bbox 358 632 512 753; x_wconf 79' lang='lat' dir='ltr'><strong>bpmaoo</strong></span> <span class='ocrx_word' id='word_1_4' title='bbox 538 631 675 708; x_wconf 85' lang='lat' dir='ltr'><strong>auditus</strong></span> <span class='ocrx_word' id='word_1_5' title='bbox 700 654 832 730; x_wconf 85' lang='lat' dir='ltr'><strong>organo</strong></span> <span class='ocrx_word' id='word_1_6' title='bbox 866 623 1061 730; x_wconf 80' lang='lat' dir='ltr'><strong>praefigere</strong></span> <span class='ocrx_word' id='word_1_7' title='bbox 1085 624 1274 716; x_wconf 87' lang='lat' dir='ltr'><strong>constitui,</strong></span> <span class='ocrx_word' id='word_1_8' title='bbox 1364 643 1365 656; x_wconf 61' lang='lat'>¹</span> 
     </span>
    </p>
   </div>
   <div class='ocr_carea' id='block_1_3' title="bbox 281 741 1271 1809">
    <p class='ocr_par' dir='ltr' id='par_1_3' title="bbox 281 741 1271 1809">
     <span class='ocr_line' id='line_1_3' title="bbox 289 741 1269 849; baseline -0.014 -19"><span class='ocrx_word' id='word_1_9' title='bbox 289 758 379 845; x_wconf 83' lang='lat' dir='ltr'><strong>sorte</strong></span> <span class='ocrx_word' id='word_1_10' title='bbox 404 756 537 828; x_wconf 81' lang='lat' dir='ltr'><strong>fortuna</strong></span> <span class='ocrx_word' id='word_1_11' title='bbox 567 751 602 823; x_wconf 92' lang='lat' dir='ltr'><strong>in</strong></span> <span class='ocrx_word' id='word_1_12' title='bbox 629 774 706 824; x_wconf 87' lang='lat' dir='ltr'><strong>osse</strong></span> <span class='ocrx_word' id='word_1_13' title='bbox 731 764 871 849; x_wconf 90' lang='lat' dir='ltr'><strong>petroso</strong></span> <span class='ocrx_word' id='word_1_14' title='bbox 911 741 1049 844; x_wconf 88' lang='lat' dir='ltr'><strong>puellae</strong></span> <span class='ocrx_word' id='word_1_15' title='bbox 1091 743 1269 843; x_wconf 86' lang='lat' dir='ltr'><strong>septennis</strong></span> 
     </span>
     <span class='ocr_line' id='line_1_4' title="bbox 285 863 1269 976; baseline -0.016 -24"><span class='ocrx_word' id='word_1_16' title='bbox 285 877 424 966; x_wconf 84' lang='lat' dir='ltr'><strong>incidi,</strong></span> <span class='ocrx_word' id='word_1_17' title='bbox 453 870 548 976; x_wconf 90' lang='lat' dir='ltr'><strong>quod</strong></span> <span class='ocrx_word' id='word_1_18' title='bbox 574 897 656 947; x_wconf 91' lang='lat' dir='ltr'><strong>cum</strong></span> <span class='ocrx_word' id='word_1_19' title='bbox 684 867 879 943; x_wconf 89' lang='lat' dir='ltr'><strong>diutissima</strong></span> <span class='ocrx_word' id='word_1_20' title='bbox 907 866 1095 941; x_wconf 76' lang='lat' dir='ltr'><strong>maceratio</strong></span> <span class='ocrx_word' id='word_1_21' title='bbox 1121 863 1166 936; x_wconf 93' lang='lat' dir='ltr'><strong>ab</strong></span> <span class='ocrx_word' id='word_1_22' title='bbox 1191 888 1269 937; x_wconf 91' lang='lat' dir='ltr'><strong>om·</strong></span> 
     </span>
     <span class='ocr_line' id='line_1_5' title="bbox 284 983 1269 1077; baseline -0.016 -8"><span class='ocrx_word' id='word_1_23' title='bbox 284 995 387 1069; x_wconf 90' lang='lat' dir='ltr'><strong>nibus</strong></span> <span class='ocrx_word' id='word_1_24' title='bbox 413 993 627 1068; x_wconf 83' lang='lat' dir='ltr'><strong>membranis</strong></span> <span class='ocrx_word' id='word_1_25' title='bbox 653 989 880 1077; x_wconf 71' lang='lat' dir='ltr'><strong>detersisset,</strong></span> <span class='ocrx_word' id='word_1_26' title='bbox 905 1007 1077 1060; x_wconf 88' lang='lat' dir='ltr'><strong>novorum</strong></span> <span class='ocrx_word' id='word_1_27' title='bbox 1101 983 1269 1058; x_wconf 89' lang='lat' dir='ltr'><strong>tentami-</strong></span> 
     </span>
     <span class='ocr_line' id='line_1_6' title="bbox 282 1103 1265 1212; baseline -0.011 -24"><span class='ocrx_word' id='word_1_28' title='bbox 282 1141 368 1190; x_wconf 91' lang='lat' dir='ltr'><strong>num</strong></span> <span class='ocrx_word' id='word_1_29' title='bbox 395 1111 540 1188; x_wconf 83' lang='lat' dir='ltr'><strong>exordio</strong></span> <span class='ocrx_word' id='word_1_30' title='bbox 567 1110 903 1212; x_wconf 90' lang='lat' dir='ltr'><strong>opportunissimum</strong></span> <span class='ocrx_word' id='word_1_31' title='bbox 930 1109 1005 1182; x_wconf 89' lang='lat' dir='ltr'><strong>lore</strong></span> <span class='ocrx_word' id='word_1_32' title='bbox 1039 1103 1265 1180; x_wconf 82' lang='lat' dir='ltr'><strong>deliberavi.</strong></span> 
     </span>
     <span class='ocr_line' id='line_1_7' title="bbox 282 1221 1269 1319; baseline -0.013 -11"><span class='ocrx_word' id='word_1_33' title='bbox 282 1233 353 1308; x_wconf 88' lang='lat' dir='ltr'><strong>Res</strong></span> <span class='ocrx_word' id='word_1_34' title='bbox 380 1247 460 1308; x_wconf 90' lang='lat' dir='ltr'><strong>voto</strong></span> <span class='ocrx_word' id='word_1_35' title='bbox 487 1234 605 1307; x_wconf 80' lang='lat' dir='ltr'><strong>cessit.</strong></span> <span class='ocrx_word' id='word_1_36' title='bbox 634 1231 726 1306; x_wconf 89' lang='lat' dir='ltr'><strong>Nam</strong></span> <span class='ocrx_word' id='word_1_37' title='bbox 751 1227 891 1319; x_wconf 88' lang='lat' dir='ltr'><strong>semel,</strong></span> <span class='ocrx_word' id='word_1_38' title='bbox 920 1229 1107 1299; x_wconf 90' lang='lat' dir='ltr'><strong>etiterum</strong></span> <span class='ocrx_word' id='word_1_39' title='bbox 1148 1225 1186 1297; x_wconf 90' lang='lat' dir='ltr'><strong>in</strong></span> <span class='ocrx_word' id='word_1_40' title='bbox 1213 1221 1269 1295; x_wconf 81' lang='lat' dir='ltr'><strong>lo·</strong></span> 
     </span>
     <span class='ocr_line' id='line_1_8' title="bbox 281 1347 1271 1445; baseline -0.013 -17"><span class='ocrx_word' id='word_1_41' title='bbox 281 1377 405 1428; x_wconf 74' lang='lat' dir='ltr'><strong>nmen</strong></span> <span class='ocrx_word' id='word_1_42' title='bbox 429 1351 567 1425; x_wconf 90' lang='lat' dir='ltr'><strong>dictum</strong></span> <span class='ocrx_word' id='word_1_43' title='bbox 595 1365 706 1425; x_wconf 87' lang='lat' dir='ltr'><strong>setam</strong></span> <span class='ocrx_word' id='word_1_44' title='bbox 731 1347 844 1422; x_wconf 90' lang='lat' dir='ltr'><strong>indidi</strong></span> <span class='ocrx_word' id='word_1_45' title='bbox 865 1401 876 1438; x_wconf 95' lang='lat'><strong>,</strong></span> <span class='ocrx_word' id='word_1_46' title='bbox 894 1359 929 1418; x_wconf 88' lang='lat' dir='ltr'><strong>et</strong></span> <span class='ocrx_word' id='word_1_47' title='bbox 953 1369 1168 1445; x_wconf 87' lang='lat' dir='ltr'><strong>quamquam</strong></span> <span class='ocrx_word' id='word_1_48' title='bbox 1188 1367 1271 1442; x_wconf 89' lang='lat' dir='ltr'><strong>per-</strong></span> 
     </span>
     <span class='ocr_line' id='line_1_9' title="bbox 282 1463 1270 1575; baseline -0.011 -29"><span class='ocrx_word' id='word_1_49' title='bbox 282 1475 446 1575; x_wconf 81' lang='lat' dir='ltr'><strong>tioaciter</strong></span> <span class='ocrx_word' id='word_1_50' title='bbox 471 1471 669 1571; x_wconf 78' lang='lat' dir='ltr'><strong>impellenti</strong></span> <span class='ocrx_word' id='word_1_51' title='bbox 695 1495 766 1543; x_wconf 91' lang='lat' dir='ltr'><strong>non</strong></span> <span class='ocrx_word' id='word_1_52' title='bbox 793 1492 897 1568; x_wconf 82' lang='lat' dir='ltr'><strong>parva</strong></span> <span class='ocrx_word' id='word_1_53' title='bbox 923 1468 1109 1540; x_wconf 86' lang='lat' dir='ltr'><strong>renitentia</strong></span> <span class='ocrx_word' id='word_1_54' title='bbox 1150 1490 1188 1538; x_wconf 89' lang='lat' dir='ltr'><strong>se</strong></span> <span class='ocrx_word' id='word_1_55' title='bbox 1214 1463 1270 1536; x_wconf 85' lang='lat' dir='ltr'><strong>of·</strong></span> 
     </span>
     <span class='ocr_line' id='line_1_10' title="bbox 281 1587 1268 1691; baseline -0.007 -24"><span class='ocrx_word' id='word_1_56' title='bbox 281 1592 409 1679; x_wconf 73' lang='lat' dir='ltr'><strong>ferret,</strong></span> <span class='ocrx_word' id='word_1_57' title='bbox 436 1593 612 1691; x_wconf 89' lang='lat' dir='ltr'><strong>insperato</strong></span> <span class='ocrx_word' id='word_1_58' title='bbox 637 1603 756 1665; x_wconf 90' lang='lat' dir='ltr'><strong>tamea</strong></span> <span class='ocrx_word' id='word_1_59' title='bbox 783 1589 911 1679; x_wconf 85' lang='lat' dir='ltr'><strong>cessit,</strong></span> <span class='ocrx_word' id='word_1_60' title='bbox 930 1587 1165 1688; x_wconf 90' lang='lat' dir='ltr'><strong>obsecutaque</strong></span> <span class='ocrx_word' id='word_1_61' title='bbox 1192 1599 1268 1660; x_wconf 84' lang='lat' dir='ltr'><strong>seta</strong></span> 
     </span>
     <span class='ocr_line' id='line_1_11' title="bbox 282 1705 1268 1809; baseline -0.006 -23"><span class='ocrx_word' id='word_1_62' title='bbox 282 1724 363 1800; x_wconf 83' lang='lat' dir='ltr'><strong>est,</strong></span> <span class='ocrx_word' id='word_1_63' title='bbox 391 1725 426 1784; x_wconf 92' lang='lat' dir='ltr'><strong>et</strong></span> <span class='ocrx_word' id='word_1_64' title='bbox 452 1710 608 1785; x_wconf 82' lang='lat' dir='ltr'><strong>maxima</strong></span> <span class='ocrx_word' id='word_1_65' title='bbox 635 1710 686 1782; x_wconf 89' lang='lat' dir='ltr'><strong>sui</strong></span> <span class='ocrx_word' id='word_1_66' title='bbox 713 1721 813 1809; x_wconf 88' lang='lat' dir='ltr'><strong>parte</strong></span> <span class='ocrx_word' id='word_1_67' title='bbox 839 1707 928 1780; x_wconf 89' lang='lat' dir='ltr'><strong>intra</strong></span> <span class='ocrx_word' id='word_1_68' title='bbox 970 1705 1129 1782; x_wconf 83' lang='lat' dir='ltr'><strong>foramen</strong></span> <span class='ocrx_word' id='word_1_69' title='bbox 1169 1732 1268 1782; x_wconf 83' lang='lat' dir='ltr'><strong>rece·</strong></span> 
     </span>
    </p>
   </div>
   <div class='ocr_carea' id='block_1_4' title="bbox 280 1817 1314 1932">
    <p class='ocr_par' dir='ltr' id='par_1_4' title="bbox 280 1817 1314 1932">
     <span class='ocr_line' id='line_1_12' title="bbox 280 1817 1314 1932; baseline 0 -30"><span class='ocrx_word' id='word_1_70' title='bbox 280 1844 355 1932; x_wconf 88' lang='lat' dir='ltr'><strong>pta.</strong></span> <span class='ocrx_word' id='word_1_71' title='bbox 383 1831 474 1905; x_wconf 89' lang='lat' dir='ltr'><strong>Hinc</strong></span> <span class='ocrx_word' id='word_1_72' title='bbox 497 1830 642 1904; x_wconf 88' lang='lat' dir='ltr'><strong>lustrare</strong></span> <span class='ocrx_word' id='word_1_73' title='bbox 668 1855 707 1902; x_wconf 90' lang='lat' dir='ltr'><strong>os</strong></span> <span class='ocrx_word' id='word_1_74' title='bbox 734 1827 992 1930; x_wconf 85' lang='lat' dir='ltr'><strong>undequaque,</strong></span> <span class='ocrx_word' id='word_1_75' title='bbox 1019 1841 1054 1902; x_wconf 88' lang='lat' dir='ltr'><strong>et</strong></span> <span class='ocrx_word' id='word_1_76' title='bbox 1080 1830 1270 1929; x_wconf 82' lang='lat' dir='ltr'><strong>investiga·</strong></span> <span class='ocrx_word' id='word_1_77' title='bbox 1308 1817 1314 1830; x_wconf 66' lang='grc'><em>’</em></span> 
     </span>
    </p>
   </div>
   <div class='ocr_carea' id='block_1_5' title="bbox 192 1948 1269 2413">
    <p class='ocr_par' dir='ltr' id='par_1_5' title="bbox 192 1948 1269 2413">
     <span class='ocr_line' id='line_1_13' title="bbox 192 1948 1268 2053; baseline -0.004 -23"><span class='ocrx_word' id='word_1_78' title='bbox 192 2019 197 2030; x_wconf 88' lang='grc'>,</span> <span class='ocrx_word' id='word_1_79' title='bbox 281 1975 346 2038; x_wconf 89' lang='lat' dir='ltr'><strong>re,</strong></span> <span class='ocrx_word' id='word_1_80' title='bbox 374 1977 444 2052; x_wconf 88' lang='lat' dir='ltr'><strong>quo</strong></span> <span class='ocrx_word' id='word_1_81' title='bbox 470 1976 506 2025; x_wconf 89' lang='lat' dir='ltr'><strong>se</strong></span> <span class='ocrx_word' id='word_1_82' title='bbox 531 1951 610 2026; x_wconf 91' lang='lat' dir='ltr'><strong>loco</strong></span> <span class='ocrx_word' id='word_1_83' title='bbox 636 1977 716 2048; x_wconf 91' lang='lat' dir='ltr'><strong>pars</strong></span> <span class='ocrx_word' id='word_1_84' title='bbox 740 1963 833 2026; x_wconf 91' lang='lat' dir='ltr'><strong>setae</strong></span> <span class='ocrx_word' id='word_1_85' title='bbox 857 1948 1048 2053; x_wconf 88' lang='lat' dir='ltr'><strong>intropulsa</strong></span> <span class='ocrx_word' id='word_1_86' title='bbox 1065 1953 1268 2050; x_wconf 78' lang='lat' dir='ltr'><strong>recepissct3</strong></span> 
     </span>
     <span class='ocr_line' id='line_1_14' title="bbox 282 2067 1268 2166; baseline 0.001 -23"><span class='ocrx_word' id='word_1_87' title='bbox 282 2070 403 2144; x_wconf 83' lang='lat' dir='ltr'><strong>inveni</strong></span> <span class='ocrx_word' id='word_1_88' title='bbox 429 2084 547 2147; x_wconf 90' lang='lat' dir='ltr'><strong>autem</strong></span> <span class='ocrx_word' id='word_1_89' title='bbox 575 2071 725 2145; x_wconf 84' lang='lat' dir='ltr'><strong>evasisse</strong></span> <span class='ocrx_word' id='word_1_90' title='bbox 750 2095 769 2142; x_wconf 91' lang='lat' dir='ltr'><strong>e</strong></span> <span class='ocrx_word' id='word_1_91' title='bbox 794 2072 882 2141; x_wconf 91' lang='lat' dir='ltr'><strong>rima</strong></span> <span class='ocrx_word' id='word_1_92' title='bbox 910 2067 1071 2166; x_wconf 79' lang='lat' dir='ltr'><strong>(arx).</strong></span> <span class='ocrx_word' id='word_1_93' title='bbox 1103 2070 1199 2144; x_wconf 88' lang='lat' dir='ltr'><strong>Tum</strong></span> <span class='ocrx_word' id='word_1_94' title='bbox 1225 2097 1268 2144; x_wconf 82' lang='lat' dir='ltr'><strong>ea</strong></span> 
     </span>
     <span class='ocr_line' id='line_1_15' title="bbox 280 2188 1269 2290; baseline 0.001 -29"><span class='ocrx_word' id='word_1_95' title='bbox 280 2191 481 2264; x_wconf 85' lang='lat' dir='ltr'><strong>curiositate</strong></span> <span class='ocrx_word' id='word_1_96' title='bbox 507 2189 687 2287; x_wconf 89' lang='lat' dir='ltr'><strong>percitus,</strong></span> <span class='ocrx_word' id='word_1_97' title='bbox 714 2215 804 2290; x_wconf 91' lang='lat' dir='ltr'><strong>quae</strong></span> <span class='ocrx_word' id='word_1_98' title='bbox 829 2191 983 2261; x_wconf 83' lang='lat' dir='ltr'><strong>maxime</strong></span> <span class='ocrx_word' id='word_1_99' title='bbox 1022 2188 1112 2264; x_wconf 89' lang='lat' dir='ltr'><strong>solet</strong></span> <span class='ocrx_word' id='word_1_100' title='bbox 1147 2214 1269 2264; x_wconf 87' lang='lat' dir='ltr'><strong>conse-</strong></span> 
     </span>
     <span class='ocr_line' id='line_1_16' title="bbox 281 2307 1269 2413; baseline 0.005 -32"><span class='ocrx_word' id='word_1_101' title='bbox 281 2310 344 2410; x_wconf 89' lang='lat' dir='ltr'><strong>qui</strong></span> <span class='ocrx_word' id='word_1_102' title='bbox 372 2335 542 2398; x_wconf 85' lang='lat' dir='ltr'><strong>uovarum</strong></span> <span class='ocrx_word' id='word_1_103' title='bbox 568 2335 686 2384; x_wconf 90' lang='lat' dir='ltr'><strong>rerum</strong></span> <span class='ocrx_word' id='word_1_104' title='bbox 712 2310 928 2408; x_wconf 84' lang='lat' dir='ltr'><strong>inopinatam</strong></span> <span class='ocrx_word' id='word_1_105' title='bbox 945 2307 1174 2402; x_wconf 90' lang='lat' dir='ltr'><strong>oblationem,</strong></span> <span class='ocrx_word' id='word_1_106' title='bbox 1190 2312 1269 2413; x_wconf 91' lang='lat' dir='ltr'><strong>plu·</strong></span> 
     </span>
    </p>
   </div>
   <div class='ocr_carea' id='block_1_6' title="bbox 168 2427 1270 2530">
    <p class='ocr_par' dir='ltr' id='par_1_6' title="bbox 168 2427 1270 2530">
     <span class='ocr_line' id='line_1_17' title="bbox 168 2427 1270 2530; baseline 0.006 -32"><span class='ocrx_word' id='word_1_107' title='bbox 168 2511 171 2518; x_wconf 26' lang='lat'><em>¹</em></span> <span class='ocrx_word' id='word_1_108' title='bbox 284 2453 336 2515; x_wconf 79' lang='lat' dir='ltr'><strong>ra,</strong></span> <span class='ocrx_word' id='word_1_109' title='bbox 363 2428 586 2529; x_wconf 84' lang='lat' dir='ltr'><strong>diversaeque</strong></span> <span class='ocrx_word' id='word_1_110' title='bbox 612 2427 884 2530; x_wconf 83' lang='lat' dir='ltr'><strong>magnitudinis,</strong></span> <span class='ocrx_word' id='word_1_111' title='bbox 898 2439 934 2498; x_wconf 91' lang='lat' dir='ltr'><strong>et</strong></span> <span class='ocrx_word' id='word_1_112' title='bbox 948 2431 1084 2520; x_wconf 86' lang='lat' dir='ltr'><strong>aetatis,</strong></span> <span class='ocrx_word' id='word_1_113' title='bbox 1102 2453 1177 2504; x_wconf 87' lang='lat' dir='ltr'><strong>ossa</strong></span> <span class='ocrx_word' id='word_1_114' title='bbox 1193 2431 1270 2505; x_wconf 90' lang='lat' dir='ltr'><strong>sol-</strong></span> 
     </span>
    </p>
   </div>
   <div class='ocr_carea' id='block_1_7' title="bbox 176 2543 1270 3724">
    <p class='ocr_par' dir='ltr' id='par_1_7' title="bbox 176 2543 1270 3724">
     <span class='ocr_line' id='line_1_18' title="bbox 279 2543 1267 2648; baseline 0.004 -28"><span class='ocrx_word' id='word_1_115' title='bbox 279 2545 377 2620; x_wconf 90' lang='lat' dir='ltr'><strong>licite</strong></span> <span class='ocrx_word' id='word_1_116' title='bbox 400 2548 575 2648; x_wconf 83' lang='lat' dir='ltr'><strong>congessi,</strong></span> <span class='ocrx_word' id='word_1_117' title='bbox 594 2549 740 2635; x_wconf 84' lang='lat' dir='ltr'><strong>tentari,</strong></span> <span class='ocrx_word' id='word_1_118' title='bbox 760 2561 796 2618; x_wconf 89' lang='lat' dir='ltr'><strong>et</strong></span> <span class='ocrx_word' id='word_1_119' title='bbox 822 2544 928 2619; x_wconf 91' lang='lat' dir='ltr'><strong>modo</strong></span> <span class='ocrx_word' id='word_1_120' title='bbox 950 2546 989 2618; x_wconf 90' lang='lat' dir='ltr'><strong>in</strong></span> <span class='ocrx_word' id='word_1_121' title='bbox 1007 2543 1091 2638; x_wconf 88' lang='lat' dir='ltr'><strong>boo,</strong></span> <span class='ocrx_word' id='word_1_122' title='bbox 1110 2547 1267 2625; x_wconf 91' lang='lat' dir='ltr'><strong>modoin</strong></span> 
     </span>
     <span class='ocr_line' id='line_1_19' title="bbox 279 2663 1265 2765; baseline 0.008 -29"><span class='ocrx_word' id='word_1_123' title='bbox 279 2663 402 2756; x_wconf 88' lang='lat' dir='ltr'><strong>illud,</strong></span> <span class='ocrx_word' id='word_1_124' title='bbox 430 2679 540 2739; x_wconf 88' lang='lat' dir='ltr'><strong>setam</strong></span> <span class='ocrx_word' id='word_1_125' title='bbox 566 2666 788 2764; x_wconf 88' lang='lat' dir='ltr'><strong>pertinaciter</strong></span> <span class='ocrx_word' id='word_1_126' title='bbox 811 2663 936 2765; x_wconf 91' lang='lat' dir='ltr'><strong>impuli</strong></span> <span class='ocrx_word' id='word_1_127' title='bbox 953 2693 963 2739; x_wconf 74' lang='grc' dir='ltr'>ι</span> <span class='ocrx_word' id='word_1_128' title='bbox 983 2663 1045 2740; x_wconf 91' lang='lat' dir='ltr'><strong>sed</strong></span> <span class='ocrx_word' id='word_1_129' title='bbox 1060 2664 1143 2740; x_wconf 90' lang='lat' dir='ltr'><strong>dare</strong></span> <span class='ocrx_word' id='word_1_130' title='bbox 1168 2671 1265 2744; x_wconf 80' lang='lat' dir='ltr'><strong>viam</strong></span> 
     </span>
     <span class='ocr_line' id='line_1_20' title="bbox 284 2783 1269 2886; baseline 0.01 -31"><span class='ocrx_word' id='word_1_131' title='bbox 284 2783 397 2886; x_wconf 89' lang='lat' dir='ltr'><strong>aliqua</strong></span> <span class='ocrx_word' id='word_1_132' title='bbox 423 2811 525 2876; x_wconf 87' lang='lat' dir='ltr'><strong>ossa,</strong></span> <span class='ocrx_word' id='word_1_133' title='bbox 552 2787 620 2861; x_wconf 90' lang='lat' dir='ltr'><strong>alia</strong></span> <span class='ocrx_word' id='word_1_134' title='bbox 644 2788 776 2862; x_wconf 89' lang='lat' dir='ltr'><strong>reniti.</strong></span> <span class='ocrx_word' id='word_1_135' title='bbox 799 2786 905 2860; x_wconf 79' lang='lat' dir='ltr'><strong>Sicca</strong></span> <span class='ocrx_word' id='word_1_136' title='bbox 947 2786 1113 2886; x_wconf 79' lang='lat' dir='ltr'><strong>reposui,</strong></span> <span class='ocrx_word' id='word_1_137' title='bbox 1141 2800 1178 2860; x_wconf 89' lang='lat' dir='ltr'><strong>et</strong></span> <span class='ocrx_word' id='word_1_138' title='bbox 1220 2791 1269 2866; x_wconf 91' lang='lat' dir='ltr'><strong>ad</strong></span> 
     </span>
     <span class='ocr_line' id='line_1_21' title="bbox 282 2907 1270 3006; baseline 0.002 -26"><span class='ocrx_word' id='word_1_139' title='bbox 282 2907 436 2982; x_wconf 87' lang='lat' dir='ltr'><strong>recentia</strong></span> <span class='ocrx_word' id='word_1_140' title='bbox 462 2933 520 2982; x_wconf 89' lang='lat' dir='ltr'><strong>me</strong></span> <span class='ocrx_word' id='word_1_141' title='bbox 546 2908 726 2983; x_wconf 83' lang='lat' dir='ltr'><strong>converti:</strong></span> <span class='ocrx_word' id='word_1_142' title='bbox 754 2929 858 3006; x_wconf 86' lang='lat' dir='ltr'><strong>saepe</strong></span> <span class='ocrx_word' id='word_1_143' title='bbox 883 2930 967 2982; x_wconf 82' lang='lat' dir='ltr'><strong>vero</strong></span> <span class='ocrx_word' id='word_1_144' title='bbox 993 2907 1030 2978; x_wconf 90' lang='lat' dir='ltr'><strong>iu</strong></span> <span class='ocrx_word' id='word_1_145' title='bbox 1057 2907 1111 2981; x_wconf 88' lang='lat' dir='ltr'><strong>his</strong></span> <span class='ocrx_word' id='word_1_146' title='bbox 1136 2909 1202 2982; x_wconf 88' lang='lat' dir='ltr'><strong>fuit</strong></span> <span class='ocrx_word' id='word_1_147' title='bbox 1217 2907 1270 2982; x_wconf 85' lang='lat' dir='ltr'><strong>fa·</strong></span> 
     </span>
     <span class='ocr_line' id='line_1_22' title="bbox 285 3025 1270 3131; baseline 0.004 -29"><span class='ocrx_word' id='word_1_148' title='bbox 285 3025 363 3102; x_wconf 90' lang='lat' dir='ltr'><strong>cilis</strong></span> <span class='ocrx_word' id='word_1_149' title='bbox 389 3042 482 3102; x_wconf 82' lang='lat' dir='ltr'><strong>setae</strong></span> <span class='ocrx_word' id='word_1_150' title='bbox 507 3029 699 3104; x_wconf 88' lang='lat' dir='ltr'><strong>transitus.</strong></span> <span class='ocrx_word' id='word_1_151' title='bbox 743 3026 837 3101; x_wconf 90' lang='lat' dir='ltr'><strong>Cum</strong></span> <span class='ocrx_word' id='word_1_152' title='bbox 861 3052 1004 3103; x_wconf 89' lang='lat' dir='ltr'><strong>mecum</strong></span> <span class='ocrx_word' id='word_1_153' title='bbox 1039 3041 1157 3104; x_wconf 89' lang='lat' dir='ltr'><strong>autem</strong></span> <span class='ocrx_word' id='word_1_154' title='bbox 1190 3032 1270 3131; x_wconf 86' lang='lat' dir='ltr'><strong>ipse</strong></span> 
     </span>
     <span class='ocr_line' id='line_1_23' title="bbox 278 3144 1268 3248; baseline 0.009 -31"><span class='ocrx_word' id='word_1_155' title='bbox 278 3144 361 3218; x_wconf 90' lang='lat' dir='ltr'><strong>novi</strong></span> <span class='ocrx_word' id='word_1_156' title='bbox 388 3145 517 3220; x_wconf 89' lang='lat' dir='ltr'><strong>canalis</strong></span> <span class='ocrx_word' id='word_1_157' title='bbox 542 3147 713 3246; x_wconf 87' lang='lat' dir='ltr'><strong>rationem</strong></span> <span class='ocrx_word' id='word_1_158' title='bbox 727 3145 955 3248; x_wconf 87' lang='lat' dir='ltr'><strong>inquirerem,</strong></span> <span class='ocrx_word' id='word_1_159' title='bbox 982 3149 1133 3223; x_wconf 88' lang='lat' dir='ltr'><strong>maxima</strong></span> <span class='ocrx_word' id='word_1_160' title='bbox 1153 3174 1268 3226; x_wconf 88' lang='lat' dir='ltr'><strong>emer-</strong></span> 
     </span>
     <span class='ocr_line' id='line_1_24' title="bbox 279 3263 1269 3371; baseline 0.008 -34"><span class='ocrx_word' id='word_1_161' title='bbox 279 3265 334 3366; x_wconf 83' lang='lat' dir='ltr'><strong>git</strong></span> <span class='ocrx_word' id='word_1_162' title='bbox 358 3263 554 3344; x_wconf 89' lang='lat' dir='ltr'><strong>haesitandi</strong></span> <span class='ocrx_word' id='word_1_163' title='bbox 581 3293 732 3371; x_wconf 84' lang='lat' dir='ltr'><strong>caussa,</strong></span> <span class='ocrx_word' id='word_1_164' title='bbox 759 3268 859 3370; x_wconf 90' lang='lat' dir='ltr'><strong>quod</strong></span> <span class='ocrx_word' id='word_1_165' title='bbox 884 3291 923 3340; x_wconf 89' lang='lat' dir='ltr'><strong>ea</strong></span> <span class='ocrx_word' id='word_1_166' title='bbox 948 3271 1064 3361; x_wconf 72' lang='lat' dir='ltr'><strong>mma,</strong></span> <span class='ocrx_word' id='word_1_167' title='bbox 1092 3295 1183 3370; x_wconf 85' lang='lat' dir='ltr'><strong>quae</strong></span> <span class='ocrx_word' id='word_1_168' title='bbox 1209 3297 1269 3346; x_wconf 89' lang='lat' dir='ltr'><strong>ca·-</strong></span> 
     </span>
     <span class='ocr_line' id='line_1_25' title="bbox 281 3382 1269 3491; baseline 0.013 -36"><span class='ocrx_word' id='word_1_169' title='bbox 281 3382 399 3456; x_wconf 87' lang='lat' dir='ltr'><strong>nalem</strong></span> <span class='ocrx_word' id='word_1_170' title='bbox 424 3385 663 3479; x_wconf 90' lang='lat' dir='ltr'><strong>terminabat,</strong></span> <span class='ocrx_word' id='word_1_171' title='bbox 703 3383 790 3459; x_wconf 91' lang='lat' dir='ltr'><strong>dura</strong></span> <span class='ocrx_word' id='word_1_172' title='bbox 826 3400 940 3462; x_wconf 89' lang='lat' dir='ltr'><strong>matre</strong></span> <span class='ocrx_word' id='word_1_173' title='bbox 977 3388 1116 3491; x_wconf 81' lang='lat' dir='ltr'><strong>integre</strong></span> <span class='ocrx_word' id='word_1_174' title='bbox 1151 3389 1269 3468; x_wconf 87' lang='lat' dir='ltr'><strong>clausa</strong></span> 
     </span>
     <span class='ocr_line' id='line_1_26' title="bbox 176 3497 1269 3604; baseline 0.016 -34"><span class='ocrx_word' id='word_1_175' title='bbox 176 3503 182 3529; x_wconf 79' lang='lat'><em>²</em></span> <span class='ocrx_word' id='word_1_176' title='bbox 284 3497 482 3575; x_wconf 85' lang='lat' dir='ltr'><strong>videbatur.</strong></span> <span class='ocrx_word' id='word_1_177' title='bbox 511 3503 607 3578; x_wconf 91' lang='lat' dir='ltr'><strong>Tum</strong></span> <span class='ocrx_word' id='word_1_178' title='bbox 633 3502 823 3580; x_wconf 88' lang='lat' dir='ltr'><strong>meditatus</strong></span> <span class='ocrx_word' id='word_1_179' title='bbox 848 3530 954 3604; x_wconf 89' lang='lat' dir='ltr'><strong>saepe</strong></span> <span class='ocrx_word' id='word_1_180' title='bbox 978 3531 1056 3583; x_wconf 87' lang='lat' dir='ltr'><strong>reru</strong></span> <span class='ocrx_word' id='word_1_181' title='bbox 1085 3563 1096 3599; x_wconf 84' lang='lat'><strong>,</strong></span> <span class='ocrx_word' id='word_1_182' title='bbox 1123 3535 1201 3585; x_wconf 86' lang='lat' dir='ltr'><strong>eam</strong></span> <span class='ocrx_word' id='word_1_183' title='bbox 1228 3516 1269 3589; x_wconf 84' lang='lat' dir='ltr'><strong>in</strong></span> 
     </span>
     <span class='ocr_line' id='line_1_27' title="bbox 281 3617 1270 3724; baseline 0.017 -33"><span class='ocrx_word' id='word_1_184' title='bbox 281 3617 539 3697; x_wconf 89' lang='lat' dir='ltr'><strong>dubitationem</strong></span> <span class='ocrx_word' id='word_1_185' title='bbox 565 3623 762 3724; x_wconf 90' lang='lat' dir='ltr'><strong>perducor,</strong></span> <span class='ocrx_word' id='word_1_186' title='bbox 789 3652 876 3702; x_wconf 89' lang='lat' dir='ltr'><strong>num</strong></span> <span class='ocrx_word' id='word_1_187' title='bbox 902 3629 994 3705; x_wconf 87' lang='lat' dir='ltr'><strong>iutra</strong></span> <span class='ocrx_word' id='word_1_188' title='bbox 1012 3631 1136 3706; x_wconf 88' lang='lat' dir='ltr'><strong>duram</strong></span> <span class='ocrx_word' id='word_1_189' title='bbox 1159 3659 1270 3708; x_wconf 81' lang='lat' dir='ltr'><strong>cavea</strong></span> 
     </span>
    </p>
   </div>
   <div class='ocr_carea' id='block_1_8' title="bbox 159 3738 1270 3853">
    <p class='ocr_par' dir='ltr' id='par_1_8' title="bbox 159 3738 1270 3853">
     <span class='ocr_line' id='line_1_28' title="bbox 159 3738 1270 3853; baseline 0.015 -43"><span class='ocrx_word' id='word_1_190' title='bbox 159 3819 160 3824; x_wconf 42' lang='lat'><strong>.</strong></span> <span class='ocrx_word' id='word_1_191' title='bbox 283 3753 416 3814; x_wconf 80' lang='lat' dir='ltr'><strong>extaret</strong></span> <span class='ocrx_word' id='word_1_192' title='bbox 442 3738 582 3843; x_wconf 91' lang='lat' dir='ltr'><strong>aliqua,</strong></span> <span class='ocrx_word' id='word_1_193' title='bbox 609 3772 699 3848; x_wconf 92' lang='lat' dir='ltr'><strong>quae</strong></span> <span class='ocrx_word' id='word_1_194' title='bbox 723 3748 1068 3853; x_wconf 82' lang='lat' dir='ltr'><strong>rimamexciperet.</strong></span> <span class='ocrx_word' id='word_1_195' title='bbox 1096 3755 1121 3827; x_wconf 89' lang='lat' dir='ltr'><strong>J</strong></span> <span class='ocrx_word' id='word_1_196' title='bbox 1125 3753 1192 3828; x_wconf 88' lang='lat' dir='ltr'><strong>ussi</strong></span> <span class='ocrx_word' id='word_1_197' title='bbox 1205 3753 1270 3827; x_wconf 92' lang='lat' dir='ltr'><strong>de·</strong></span> 
     </span>
    </p>
   </div>
   <div class='ocr_carea' id='block_1_9' title="bbox 281 3861 1269 4091">
    <p class='ocr_par' dir='ltr' id='par_1_9' title="bbox 281 3861 1269 4091">
     <span class='ocr_line' id='line_1_29' title="bbox 284 3861 1268 3973; baseline 0.02 -42"><span class='ocrx_word' id='word_1_198' title='bbox 284 3861 364 3932; x_wconf 85' lang='lat' dir='ltr'><strong>serri</strong></span> <span class='ocrx_word' id='word_1_199' title='bbox 392 3879 498 3964; x_wconf 88' lang='lat' dir='ltr'><strong>caput</strong></span> <span class='ocrx_word' id='word_1_200' title='bbox 522 3892 667 3961; x_wconf 89' lang='lat' dir='ltr'><strong>recens,</strong></span> <span class='ocrx_word' id='word_1_201' title='bbox 696 3870 878 3973; x_wconf 82' lang='lat' dir='ltr'><strong>retegique</strong></span> <span class='ocrx_word' id='word_1_202' title='bbox 917 3875 1088 3950; x_wconf 83' lang='lat' dir='ltr'><strong>calvariae</strong></span> <span class='ocrx_word' id='word_1_203' title='bbox 1121 3873 1268 3966; x_wconf 81' lang='lat' dir='ltr'><strong>basim,</strong></span> 
     </span>
     <span class='ocr_line' id='line_1_30' title="bbox 281 3975 1269 4091; baseline 0.024 -43"><span class='ocrx_word' id='word_1_204' title='bbox 281 3993 321 4050; x_wconf 89' lang='lat' dir='ltr'><strong>ut</strong></span> <span class='ocrx_word' id='word_1_205' title='bbox 345 3975 420 4054; x_wconf 84' lang='lat' dir='ltr'><strong>dixi</strong></span> <span class='ocrx_word' id='word_1_206' title='bbox 447 3981 567 4086; x_wconf 79' lang='lat' dir='ltr'><strong>(uxta</strong></span> <span class='ocrx_word' id='word_1_207' title='bbox 590 3984 635 4086; x_wconf 91' lang='lat'><strong>),</strong></span> <span class='ocrx_word' id='word_1_208' title='bbox 665 4000 699 4066; x_wconf 90' lang='lat' dir='ltr'><strong>et</strong></span> <span class='ocrx_word' id='word_1_209' title='bbox 723 3990 826 4066; x_wconf 86' lang='lat' dir='ltr'><strong>cultri</strong></span> <span class='ocrx_word' id='word_1_210' title='bbox 852 3995 951 4091; x_wconf 90' lang='lat' dir='ltr'><strong>acie,</strong></span> <span class='ocrx_word' id='word_1_211' title='bbox 979 3994 1046 4070; x_wconf 90' lang='lat' dir='ltr'><strong>sub</strong></span> <span class='ocrx_word' id='word_1_212' title='bbox 1070 3997 1173 4090; x_wconf 88' lang='lat' dir='ltr'><strong>rima,</strong></span> <span class='ocrx_word' id='word_1_213' title='bbox 1201 3997 1269 4072; x_wconf 60' lang='lat' dir='ltr'><strong>dua</strong></span> 
     </span>
    </p>
   </div>
   <div class='ocr_carea' id='block_1_10' title="bbox 0 0 1382 4874">
    <p class='ocr_par' dir='ltr' id='par_1_10' title="bbox 0 0 1382 4874">
     <span class='ocr_line' id='line_1_31' title="bbox 0 0 1382 4874; baseline 0 0"><span class='ocrx_word' id='word_1_214' title='bbox 0 0 1382 4874; x_wconf 95' lang='lat' dir='ltr'><strong> </strong></span> 
     </span>
    </p>
   </div>
  </div>
 </body>
</html>
