2790 4872
550 417 664 511 (²⁵)

105 575 173 652 qne
199 546 392 624 discrimen
418 545 520 648 ponit
544 549 627 621 satis
651 551 817 620 eminens
850 551 964 648 spina
988 544 1097 652 (m),

104 695 194 771 quae
223 697 242 742 u
267 667 436 745 vestibuli
461 666 570 740 fundo
587 722 596 756 ‚
615 681 810 742 antrorsum
826 683 1096 774 extremumque

107 789 293 877 defertur,
320 791 448 864 sensim
474 787 663 879 extantior,
703 787 823 890 ibique
854 792 1092 886 terminetur,

104 937 177 1014 quo
202 911 362 1012 superior
386 911 556 984 fenestrae
594 907 704 985 uvalis
744 935 871 1010 margo
901 909 1024 986 elatior
1057 915 1101 988 fit

105 1030 204 1132 (rr).
234 1031 341 1104 Hunc
381 1029 500 1129 spinae
538 1032 731 1103 terminum
769 1035 939 1132 pyramis
979 1057 1100 1108 osseae

105 1177 215 1252 parve
241 1148 426 1250 complet,
453 1175 544 1250 quae
568 1176 588 1222 a
612 1151 817 1250 triangulari
843 1151 919 1226 basi
959 1167 1036 1228 orta
1061 1155 1099 1226 in

106 1298 233 1347 cavum
260 1271 423 1348 vestibuli
448 1272 631 1362 attollitur,
647 1277 688 1374 ¹la
711 1280 747 1342 et
763 1271 852 1346 ultra
865 1297 965 1372 saepe
987 1274 1102 1346 lineae
1173 1359 1178 1384 Ι

109 1404 209 1488 parte
236 1390 426 1492 elongata:
452 1394 551 1488 cujus
576 1387 774 1489 frequenter
810 1416 899 1490 apex
939 1394 1102 1492 utrinque

112 1534 360 1608 compressus,
388 1509 548 1610 margine
574 1507 705 1608 gaudet
730 1507 916 1582 denticulis
929 1508 1100 1584 tubulatis

117 1629 364 1732 exasperato(
392 1631 423 1728 ).

221 1752 287 1822 IV.
314 1749 423 1844 Quod
448 1749 495 1826 de
512 1749 676 1824 vestibuli
701 1775 805 1824 caver
833 1751 1007 1853 reliquum
1031 1738 1099 1842 e'sr,

112 1887 187 1962 tota
214 1897 342 1972 nempe
368 1875 554 1974 superior,
584 1885 620 1946 et
644 1875 776 1984 postico
803 1893 910 1973 pars,
934 1871 974 1948 id
989 1897 1095 1946 omne

113 2001 313 2064 constanter
340 2016 402 2066 sex
426 1990 648 2090 pertunditur
672 1989 902 2066 fomminibus
918 2024 928 2085 ;
945 2019 1102 2095 quorum

113 2111 285 2184 ultimum
310 2113 470 2190 emnium
496 2113 661 2186 infimum
685 2125 722 2185 et
745 2114 947 2212 posterius,
974 2112 1104 2186 rectio·
1175 2191 1178 2197 ,

115 2233 218 2333 rique
243 2233 396 2333 margini
418 2231 588 2304 fenestrae
622 2229 737 2306 uvalis
763 2231 968 2327 subjacens,
1008 2228 1108 2304 ducit

115 2351 163 2426 ad
189 2349 371 2426 cochleam
398 2349 486 2452 (x),
514 2351 669 2451 quinque
694 2347 827 2449 reliqua
864 2346 909 2422 acl
950 2347 1022 2424 vias
1046 2347 1110 2422 ali·

119 2485 212 2574 quot
233 2471 272 2542 in
297 2467 418 2542 medio
442 2481 582 2570 petroso
608 2493 684 2542 osse
702 2479 898 2544 excavatas.
919 2467 1007 2543 Vise
1022 2465 1110 2544 istae

118 2605 201 2666 sunt
227 2605 298 2666 tres
323 2591 483 2684 canales,
510 2593 572 2693 qui
595 2590 640 2666 ab
664 2615 733 2664 uno
763 2613 885 2664 eornm
899 2589 1112 2666 foraminum

122 2715 217 2803 orti,
245 2737 356 2814 parvo
381 2737 445 2812 per
468 2710 678 2788 mediumos
705 2723 882 2812 petrosum
919 2711 1010 2792 facto
1051 2735 1112 2786 ex.

122 2861 244 2926 cursu,
272 2835 438 2908 continue
466 2833 636 2908 curvitate
661 2834 699 2908 in
714 2831 930 2910 vestibulum
944 2831 1109 2926 redeunt,
1158 2907 1162 2942 ἱ

121 2977 293 3053 novoque
319 2956 354 3027 in
381 2977 423 3025 eo
461 2950 632 3026 foramine
658 2952 892 3052 aperiuntur.
937 2953 1117 3028 Dicente

124 3076 298 3149 curvitate
340 3072 507 3147 decursus
554 3062 719 3148 canales
767 3075 1112 3163 semicirculares,
1215 3145 1218 3156 ,

127 3220 346 3296 quamquam
371 3193 504 3296 singuli
530 3193 791 3278 semicirculum
817 3195 1014 3269 excedant.
1042 3195 1115 3272 Ne·

128 3343 197 3416 que
224 3313 450 3400 mirandum,
469 3313 499 3388 si
524 3328 594 3390 tres
634 3314 772 3388 canales
796 3313 970 3388 ambobus
993 3337 1120 3392 omnes

130 3435 300 3510 extremis
324 3435 371 3510 iu·
387 3433 605 3512 vestibulum
630 3449 792 3534 pateant,
809 3447 847 3508 et
870 3461 942 3520 nun
958 3459 1033 3526 sex,
1053 3437 1118 3512 sed
1233 3429 1235 3436 ⁴

131 3559 290 3656 quinque
317 3556 473 3631 efficiant
497 3554 694 3630 foramine:
723 3582 845 3632 eorum
886 3558 1016 3632 etenim
1042 3558 1115 3634 duo

133 3677 273 3778 reliquo
298 3702 362 3778 per
388 3704 424 3752 se
435 3677 616 3778 longiores
634 3731 645 3765 ,
662 3703 732 3750 uno
751 3691 909 3752 extremo
926 3679 1120 3780 conjuncti,

537 3868 720 3892 *m

180 3962 240 4054 tm)
262 3955 346 4080 eo·
373 3985 407 4041 ι.
429 3897 484 4054 u·
501 3959 534 4030 ³·
559 3963 583 4027 i·
678 3958 727 4054 o)
753 3953 881 4044 uum·
906 3957 941 4028 r.
