2790 4872
733 475 853 569 (²²)

286 625 426 720 ‘serant
455 659 603 740 suum,
632 627 705 718 sed
734 606 985 746 paullulum
1004 630 1231 714 sustineant
1254 687 1278 735 ,

294 768 428 857 donec
457 772 655 884 integram·
670 768 798 860 libelli
816 769 1035 856 lectionem
1053 769 1277 879 exegerint,

294 909 340 996 si
371 912 532 994 cunctis
562 939 659 994 vero
690 909 880 1022 perlectis
928 911 1056 1014 erit,¹
1084 908 1129 990 in
1178 933 1266 1022 quo
1385 903 1386 944 ³

294 1045 460 1132 haereat
491 1048 590 1165 ipsis
621 1077 754 1162 aqua,
801 1041 972 1132 adeant
997 1070 1098 1156 rogo
1140 1064 1272 1128 natu·-
1385 1029 1386 1032 Ὺ

293 1211 420 1293 ram,
454 1213 629 1299 eamque
660 1177 917 1298 praejudicio·
944 1185 1065 1268 vacui
1112 1211 1270 1268 consu·

293 1322 396 1410 lant·
429 1322 479 1409 ld
511 1345 654 1410 autem
682 1353 767 1408 nou
798 1321 924 1410 semel
967 1320 1149 1433 taciani,
1195 1343 1271 1408 aut

297 1458 389 1568 bis,
422 1458 496 1546 sed
527 1460 723 1577 pluries,
756 1483 797 1546 et
828 1460 1112 1548 continenter:
1144 1463 1268 1554 exhi-

299 1599 374 1686 bet
404 1631 585 1718 namque
618 1623 760 1687 natura
792 1603 894 1688 tales
925 1596 1041 1688 leand
1072 1631 1163 1686 raro
1194 1623 1269 1686 vae

296 1742 495 1849 rietates,
527 1763 574 1824 nt
605 1741 692 1826 sine
709 1764 864 1854 magno
882 1736 1180 1826 dissectionum
1202 1767 1283 1823 nu·-¹

299 1905 443 1975 mero,
474 1877 579 1995 quid
608 1909 688 1995 pro
718 1883 927 1964 constanti
944 1875 1188 1962 habendum
1203 1877 1277 1982 sit,
1385 1985 1386 1996 Ν

297 2015 406 2134 quid
435 2047 512 2132 pro
544 2049 663 2127 raro,
695 2018 914 2132 comperiri
945 2047 1030 2100 nou
1061 2019 1210 2134 possit.
1237 2018 1282 2102 Si

297 2155 416 2273 pluro
450 2177 588 2242 tamen
620 2159 688 2242 hic
719 2158 894 2242 strictim
923 2185 1147 2272 presseque
1193 2175 1282 2240 tra·-

305 2290 392 2378 dita
424 2291 708 2404 videbuntur,
739 2292 784 2380 id
815 2291 868 2380 de
897 2291 1104 2380 industria
1120 2293 1278 2379 sacrum

295 2432 526 2545 habeatur,
559 2462 612 2518 ne
643 2424 932 2548 aquaeductus
964 2434 1073 2517 auris
1091 2433 1281 2516 internae

298 2599 506 2684 exponere
536 2569 751 2684 aggressi,
782 2571 990 2684 integrum
1019 2567 1072 2655 de
1103 2597 1202 2655 aure
1224 2567 1281 2653 lir-

224 2763 226 2770 ,
295 2709 423 2796 hrum
455 2712 746 2829 conscripsisse
775 2703 1032 2800 videremur.
1062 2707 1182 2820 Quae
1213 2710 1289 2799 hle

206 2857 209 2862 '
297 2865 438 2934 tamen
473 2851 756 2967 praetermisi,
788 2848 919 2936 insius
957 2852 1106 2964 majori
1151 2875 1277 2966 opere

299 2987 551 3104 explicabo,
584 2987 701 3105 quod
734 2989 769 3074 si
800 3019 873 3102 per
902 2983 1070 3076 iconum
1094 2984 1279 3076 difficul-

301 3131 468 3235 tatem,
502 3130 765 3244 copiamque,
797 3127 978 3233 licuerit,
1011 3118 1298 3246 propediem,

298 3287 446 3380 utpote
476 3270 559 3381 jam
589 3290 811 3383 peratum,
844 3268 984 3355 lucem
1013 3269 1198 3384 aspiciet.
1254 3321 1257 3333 ι

361 3405 536 3523 Nequeo
566 3429 706 3494 autem
737 3439 826 3496 non
854 3409 997 3517 ethic,
1015 3409 1275 3507 rem'surnrrri

299 3545 438 3631 hercle
471 3548 696 3656 momenti,
720 3576 855 3664 ¹quem
885 3561 925 3631 et
956 3545 1055 3632 alibi
1098 3547 1282 3637 maxime

298 3717 441 3798 urgere
462 3710 629 3774 coactus
643 3717 754 3798 sum,
771 3687 1171 3806 admonere,trtqui,
1190 3708 1272 3773 tre·

300 3823 486 3914 ditarurn
517 3862 537 3917 a
570 3829 692 3918 uobis
708 3861 858 3934 rerum,
883 3831 1096 3916 veritatem
1113 3831 1156 3914 iu
1173 3829 1269 3942 ipso

297 3969 497 4061 cadavere
527 4003 722 4094 quaerere
752 3976 1028 4062 necessarium
1072 3968 1150 4054 sihi
1190 3964 1273 4054 du·
