2756 4874
518 489 636 585 (⁸⁵)

86 653 169 728 riori
194 649 360 730 vestibuli
385 651 534 727 cavitate
557 655 744 746 contenti,
766 661 810 732 “ut
833 671 973 754 septum
997 679 1076 730 mo·

83 785 220 862 rcatnr,
249 797 312 872 per
338 771 496 852 canalem
524 771 830 850 semicircularern
855 789 1071 865 externum,

85 886 120 967 iri
146 917 292 967 caream
317 892 550 990 posteriorem
575 889 765 966 deferenda
790 905 844 970 est
868 891 1035 992 (xtra)
1062 948 1077 984 ,

82 1041 164 1090 eum
179 1013 266 1088 haec
289 1017 358 1114 jam
376 1011 480 1112 plena
495 1015 638 1105 totasit,
656 1037 720 1090 nec
735 1015 997 1112 spariommro
1014 1014 1080 1096 ltu·

80 1135 176 1212 mori
203 1131 404 1222 concedat,
428 1133 466 1206 in
490 1157 573 1208 earn
596 1146 693 1209 certe
719 1131 864 1209 excerni
899 1159 973 1214 nou
1016 1159 1094 1234 po·.

85 1257 181 1331 terit.
210 1257 307 1330 Haec
333 1255 450 1330 omnia
476 1269 609 1361 cogunt
632 1255 704 1330 dero
741 1278 817 1330 mae
854 1254 1076 1330 concluden-

86 1375 164 1467 da,
193 1374 257 1476 (¹)
283 1387 347 1448 aut
368 1400 444 1449 uon
466 1374 648 1476 integrum
672 1372 917 1474 labyrinthum
953 1371 1079 1450 humm

14 1563 17 1570 .
85 1523 125 1572 rc
150 1495 311 1598 repleri,
337 1510 374 1570 ct
399 1498 503 1571 vacui
528 1495 726 1598 quidquam
750 1497 885 1588 inesse,
903 1523 967 1595 per
984 1495 1086 1597 qnod

88 1619 223 1692 humor
247 1616 424 1692 dimoveri
448 1620 589 1718 possit,
634 1614 730 1720 quod
768 1643 898 1694 verum
929 1621 1084 1692 omnino

90 1765 163 1812 uon
190 1747 245 1808 cst
269 1736 443 1837 (xm):
470 1735 544 1837 (²)
571 1748 632 1808 aut
656 1739 687 1808 si
714 1735 838 1835 planus
856 1751 923 1826 cut,
951 1761 1079 1838 qnem-

91 1854 292 1931 admodum
318 1873 414 1931 certe
441 1868 529 1948 eet,
556 1851 706 1956 aliquod
729 1854 982 1933 diverticulum
1018 1857 1089 1929 ho·

91 2005 232 2052 mnrem
256 1979 364 2054 illum
388 1981 571 2072 invenire,
599 2007 662 2080 per
688 1981 787 2082 quod
805 2038 815 2073 ,
832 1985 894 2058 uhi
919 2009 944 2056 n<
967 1997 1085 2084 stape-

92 2101 140 2174 de
165 2099 389 2202 impellitur,
417 2115 518 2176 cntra
542 2099 736 2201 labyrinthi
764 2129 937 2194 caream,
964 2103 1090 2206 aliqua

89 2233 189 2318 porte
214 2218 412 2311 derivetur,
442 2233 478 2291 et
504 2217 850 2319 epatinmexlrihcat,
877 2227 1011 2324 inquo
1028 2250 1084 2298 re-

90 2341 215 2414 siduus
241 2339 369 2414 humor
391 2341 505 2416 libere
523 2396 534 2432 ,
563 2353 604 2414 nt
626 2368 690 2415 noa
727 2341 1051 2421 dmonstrarimus
1071 2403 1087 2436 ,

90 2489 158 2562 per
182 2463 429 2565 labyrinthum
450 2477 647 2537 moventur.
677 2465 858 2556 Alterum,
886 2465 988 2568 qnod
1020 2466 1091 2540 dita

96 2585 231 2660 liciliue
257 2586 382 2660 resolvi
408 2590 511 2688 posse
544 2585 710 2676 videtur,
739 2583 806 2660 hoc
833 2601 909 2661 cst.
935 2587 975 2661 Si
1002 2615 1093 2690 qno·

95 2709 161 2780 ties
188 2719 305 2806 stupes
330 2707 498 2783 vestibuli
538 2705 729 2780 humorem·
766 2706 900 2808 pettit,
924 2707 982 2781 hic
1023 2735 1090 2810 per

95 2826 267 2900 vestibuli
291 2827 420 2900 scalam
446 2825 492 2900 ad
517 2826 656 2926 apicem
682 2851 793 2928 usque
830 2824 996 2908 cochleae
1022 2827 1089 2902 de·

97 2946 211 3022 lertnr
237 2949 421 3049 (xnvrr)
440 2949 515 3039 ,ἐι
540 2947 588 3022 ab
613 2973 683 3038 eo,
711 2951 783 3046 per*
800 2948 957 3022 foram
975 2949 1094 3022 trien·

97 3070 224 3172 gulare
252 3070 328 3144 tuhi
355 3069 601 3160 infundibuli,
628 3071 664 3141 in
690 3070 855 3170 tympani
880 3069 1007 3141 scalam
1024 3071 1091 3141 de·

99 3191 221 3282 cidit,
248 3206 288 3265 nt
312 3194 415 3267 novis
439 3191 545 3264 undis
571 3187 731 3290 eiusdem
758 3189 918 3267 humoris
932 3193 1089 3290 spatium

97 3309 296 3402 concedam
325 3313 354 3384 ai
380 3312 538 3414 tympani
565 3312 657 3385 scala
683 3315 755 3410 jem
793 3311 948 3388 humore
986 3311 1093 3413 plena

100 3445 153 3504 cst
180 3435 326 3525 (nex)
349 3486 361 3524 ,
388 3415 575 3532 quomodo
599 3457 735 3507 novum
760 3430 1007 3509 advenientem
1034 3459 1093 3506 ac·

100 3553 243 3651 cipiet?
267 3551 307 3626 si
335 3579 424 3632 vero
448 3577 522 3628 non
548 3555 704 3653 accipit,
729 3555 867 3631 resistet
894 3556 1095 3638 successiva

100 3669 233 3744 humor
257 3669 304 3745 cd
329 3673 467 3771 apicem
491 3672 685 3762 cochleae,
713 3671 798 3748 hinc
825 3674 872 3747 ed-
912 3675 1093 3748 orificium

104 3819 218 3894 nsque
244 3793 358 3868 scalae
382 3795 573 3888 vestibuli,
601 3811 708 3896 atque
732 3796 780 3868 ita
806 3797 924 3870 omnis
941 3799 1017 3895 ejus
1031 3821 1095 3894 per

105 3911 287 3989 cochleam
313 3927 433 3992 motus
458 3913 559 3989 hrovi
586 3912 828 4014 impediet—no,
870 3913 1101 4013 officiumque

103 4034 271 4112 cochleae
299 4036 474 4138 peribit(
499 4061 637 4132 xcrrr,
665 4059 810 4114 meur
831 4037 860 4136 ).
891 4039 993 4132 Quae
1019 4035 1094 4108 duo
