2790 4872
720 528 738 616 (
762 525 836 616 ι4)

299 661 459 781 e'o‚cui
490 667 553 758 res'
583 663 802 760 eontentae
834 677 964 788 magis
997 673 1113 763 cordi
1144 695 1240 764 sunt
1258 715 1271 776 t

300 813 426 898 verba
459 845 541 898 non
575 843 741 928 prorsus
772 811 1055 902 advertantur.

335 949 427 1036 ⁴De
460 983 501 1036 re
533 951 778 1040 diffictlttma
808 953 978 1069 scripsi,
1011 984 1121 1072 quae
1172 975 1272 1044 sane

296 1085 515 1178 facundiae
546 1095 719 1179 minime
744 1073 877 1208 ⁴capax
909 1115 1021 1206 erat3
1051 1096 1145 1182 hinc
1172 1098 1277 1182 mihi

301 1231 444 1315 nuilus
475 1264 634 1349 quaeso
667 1233 769 1315 vitio
800 1237 960 1342 vertat,
993 1234 1026 1316 si
1059 1261 1143 1316 non
1192 1232 1275 1318 ssr·
1360 1219 1363 1226 ¹

299 1367 392 1454 rido
420 1371 653 1457 'admodum
688 1372 785 1460 stiio
822 1399 915 1457 snm
958 1401 1071 1456 usus.
1119 1371 1275 1487 Scripsi

300 1527 397 1642 ¹vern
430 1545 511 1596 non
544 1515 701 1628 pingui,
735 1515 904 1633 altoque
934 1507 1080 1597 sedens
1106 1512 1146 1594 in
1169 1514 1276 1618 otio,

301 1635 374 1734 sed
405 1656 512 1737 curis
544 1657 805 1774 etpiurimis
838 1654 1072 1758 distractus,
1105 1674 1147 1737 et
1178 1681 1277 1766 per·

301 1789 513 1897 molestis,
547 1823 653 1908 quae
696 1794 781 1879 sive
826 1791 985 1900 officii,
1031 1790 1116 1876 sive
1163 1817 1281 1873 meae

302 1929 410 2009 vitae
442 1931 618 2015 rationes
650 1930 945 2046 sequebantur.
994 1927 1130 2034 Hinc,
1176 1921 1282 2014 dum

302 2067 376 2152 has
408 2069 533 2153 volvo
564 2076 751 2184 peginaS,
785 2067 922 2153 fateor.
950 2099 1016 2152 me
1048 2067 1222 2184 pluries,
1237 2069 1282 2153 in

304 2207 463 2293 ratione
495 2205 725 2316 scribendi,
759 2209 859 2292 mihi
905 2207 1086 2291 maxime
1129 2203 1281 2319 displi-

304 2373 411 2430 cere.
446 2341 529 2427 Sed
559 2346 773 2456 ignosca'nt
804 2375 923 2458 regn,
956 2340 1167 2460 quidquid
1184 2373 1284 2458 pec-

304 2504 444 2568 catum
476 2502 569 2591 est,
603 2485 679 2569 viri
711 2479 854 2574 docti,
887 2509 1070 2597 quorum
1104 2511 1180 2593 ego
1210 2461 1284 2597 ju·

308 2616 464 2704 dicium
496 2621 718 2737 praecipue
748 2615 991 2726 reformido,
1024 2639 1066 2702 et
1082 2611 1284 2705 hunteni·
1361 2681 1364 2690 «

309 2782 438 2846 tatem
470 2791 605 2845 meam
637 2780 848 2848 excusent.
884 2757 987 2874 Spes
1017 2779 1158 2844 autent
1190 2749 1278 2845 ior·

307 2923 413 2987 tasse
444 2925 504 2986 est
527 2955 538 2998 ‚
559 2889 694 3010 euru,
739 2901 826 3016 qui.
863 2897 1040 2982 lustrum
1087 2901 1287 3014 quintum

307 3071 394 3128 non
428 3045 576 3153 exegit,
609 3061 650 3124 et
680 3039 837 3150 majora
869 3033 966 3122 dare
996 3057 1187 3145 conatus,
1221 3057 1292 3125 te·

308 3183 407 3267 nuia
439 3182 540 3266 haec
574 3173 948 3292 tumen'ru'dieque
979 3175 1151 3290 promit,
1174 3197 1293 3263 aeta·

310 3325 362 3406 tis
393 3323 667 3429 incrementa),
687 3317 996 3430 doctorumque
1009 3317 1193 3400 virorum
1211 3317 1292 3402 be·

311 3461 510 3576 nignitate
556 3481 773 3570 erectum,
820 3449 1046 3576 aliquando
1091 3451 1291 3546 daturum

312 3601 500 3690 meliora.
1253 3589 1262 3608 ⁸
