2790 4872
533 486 652 580 (Η)

115 637 293 728 humore
321 613 507 759 undique
539 637 734 736 coerceri,
767 640 1090 738 conseminia

114 807 297 864 necesse.
334 773 453 884 Quae
484 780 623 865 omnia
656 781 699 862 iu
738 779 926 893 capitum
971 809 1090 864 aum·

113 943 182 1001 ma
217 912 494 1001 dissertationi
525 914 746 1031 praemissa
777 916 988 1028 speciatim
1033 948 1097 1004 ex·

116 1081 256 1169 pressa
289 1074 401 1138 aunt.

177 1189 226 1276 ln
259 1191 323 1278 bis
356 1193 551 1278 omnibus
581 1194 651 1300 uni
684 1215 852 1304 naturae
897 1191 1089 1304 credidi,

112 1363 240 1447 qnam
258 1335 456 1418 contiuuo
490 1355 738 1445 praesentem
752 1333 877 1418 habui
896 1335 1095 1430 scribens.

118 1467 213 1556 Hoc
244 1471 361 1556 facile
392 1471 494 1554 mihi
527 1469 605 1552 suit
636 1471 676 1552 in
695 1501 738 1554 oa
755 1469 1001 1556 cadaverum
1020 1503 1096 1588 op-

118 1611 407 1728 portunitate,
441 1639 567 1726 quam
601 1640 795 1720 magnum
828 1613 927 1718 boc,
951 1615 991 1697 in
1009 1643 1095 1728 quo

118 1747 369 1832 medicinam
401 1747 545 1853 secio,
577 1746 705 1832 Urbis
746 1749 1097 1836 valetudinarium

118 1890 223 1974 milri
257 1887 456 1974 exhibuit.
507 1889 680 1973 leonum
727 1912 865 1975 autem
911 1891 1092 1976 Tabulas

116 2025 297 2140 adjunxi
331 2025 462 2135 duaa,
494 2057 597 2144 quas
643 2025 697 2112 ad
748 2059 865 2138 rent,
913 2027 966 2113 de
1013 2061 1096 2144 qna

78 2235 82 2240 .
116 2170 298 2280 scripsi,
332 2165 643 2278 declarandam,
677 2169 867 2254 sullicere
896 2167 1097 2284 judicavi.

118 2299 212 2389 Has
239 2304 295 2388 ab
327 2307 412 2419 ipsa
445 2327 594 2402 natura
610 2309 809 2424 expressit
826 2308 1098 2392 amicissimus

119 2445 199 2530 vir.
238 2443 347 2532 Phil.
383 2468 424 2532 et
455 2443 568 2532 Med.
604 2443 1096 2560 Doct.DominicusCy·

122 2585 277 2674 rillus:
312 2586 568 2702 calcographi
601 2619 700 2672 vero
723 2586 1008 2692 attentionem,
1033 2616 1102 2671 na·

129 2725 256 2808 turali
287 2725 487 2842 objecto,
529 2727 776 2841 picturaque
824 2726 1100 2842 praepositis,
1181 2781 1183 2790 ,

135 2862 341 2948 sollicitus
370 2863 554 2974 fatigavi,
588 2881 629 2947 et
659 2862 845 2946 laturum
878 2892 1016 2980 spero,
1039 2881 1103 2968 ut,

129 3004 165 3088 ai
199 3031 287 3086 nou
319 3000 551 3114 elegantia,
583 3004 752 3088 veritate
783 3021 940 3111 tamen,
983 3005 1108 3086 mini-

131 3169 202 3232 mo
234 3141 315 3224 sint
345 3143 484 3250 gnaris
517 3139 814 3256 displicituram
848 3141 958 3226 Inter
1000 3143 1104 3246 has,

131 3278 264 3392 apicis
296 3278 490 3364 cochleae
522 3309 674 3366 novam
693 3282 855 3364 iconem
871 3276 988 3387 dedi,
1011 3309 1107 3392 pro·

126 3419 217 3531 pria
250 3430 375 3498 mann
407 3417 592 3532 pictam,
616 3447 698 3533 qua
728 3413 833 3534 qnid
866 3421 1108 3530 praestitum

126 3559 180 3646 air
209 3551 458 3673 judicabunt
481 3558 616 3670 periti.

122 3743 128 3749 -
256 3689 377 3802 llogo
407 3715 542 3778 autem
558 3723 702 3780 omnes
718 3677 1001 3814 obtestorque,
1020 3699 1113 3812 qui-

7 3937 8 3956 ,
137 3836 218 3925 bns
249 3840 322 3922 has
353 3833 547 3922 volvendi
585 3838 751 3952 paginas
795 3840 959 3920 occasio
1008 3837 1112 3944 liet,
1219 3827 1222 3838 ’

7 4019 10 4072 l

134 4009 192 4068 ne
223 3975 275 4064 de
305 4010 349 4066 re
379 3979 527 4104 quavis
540 3975 645 4064 lecta
662 3974 866 4092 judicium
882 3977 998 4064 illico
1015 4005 1110 4094 pro-
