2756 4874
543 431 663 537 (⁶3)

81 621 159 698 lum
185 615 352 722 implenti
376 618 437 696 ria
463 616 547 690 satis
573 611 692 714 ampfn
719 609 764 686 ad
789 625 1001 714 tympanum
1015 637 1079 712 pn·

83 755 249 832 raretur,
275 739 472 842 ligamento
498 737 662 838 pm'rnum
677 748 825 808 cnutum
838 749 904 824 est,
921 759 993 836 quo
1007 745 1080 808 sta·

85 861 188 962 pedis
214 863 308 936 basis
333 861 507 933 fenestrae
532 857 625 932 otafi
652 869 727 930 toto
744 857 882 930 ambitu
896 855 1074 946 firmatur,

84 983 217 1058 deinde
242 982 363 1058 eidem
387 981 559 1054 fenestrae
599 975 693 1056 orali
718 999 761 1048 eo
789 976 881 1066 foco,
900 999 1083 1077 perquem

83 1108 246 1178 anterior
273 1104 368 1178 basis
392 1127 476 1204 pers
502 1113 556 1172 est
582 1097 821 1187 descensura,
851 1122 990 1170 osseum
1022 1097 1088 1170 ad·

89 1223 329 1298 ditementum
355 1247 479 1298 versus
505 1217 722 1298 vestibulum
749 1211 950 1290 tribuendo.
990 1214 1085 1286 Cum

89 1347 187 1418 enim
214 1345 385 1416 circulare
410 1343 504 1414 basis
528 1340 764 1441 ligamentum
790 1361 861 1408 non
888 1335 979 1408 ultra
1009 1345 1078 1404 sta-

87 1479 186 1538 tutos
212 1463 344 1536 limites
370 1475 554 1566 penetrare
582 1458 765 1558 stapedum
792 1462 997 1558 permittat,
1026 1489 1083 1538 os·

90 1611 193 1661 seum
220 1583 288 1658 hoc
313 1583 486 1658 fenestrae
511 1579 797 1654 additamentum
821 1579 868 1651 ita
895 1581 1078 1680 protendi.

85 1721 172 1797 tur,
202 1720 242 1779 nt
268 1705 421 1807 spatium
447 1705 630 1802 integrum
657 1728 675 1773 a
695 1699 880 1800 posteriori
895 1689 990 1776 hosis
1005 1729 1088 1802 par·

87 1839 121 1894 te
148 1825 187 1894 in
215 1824 364 1896 introitu
390 1817 671 1923 percurrendum
698 1835 842 1914 teneat,
868 1821 1081 1924 hiatumque

88 1942 309 2018 nascendum
335 1954 583 2044 praeoccupet.
614 1943 729 2042 Hujus
753 1958 904 2036 autern,
943 1960 982 2023 ut
1009 1969 1085 2017 sne·

89 2091 136 2164 pe
165 2065 445 2154 fit,defieientis
468 2065 546 2164 ipse
571 2077 688 2164 stapes
712 2067 810 2140 vices
828 2063 982 2166 supplet,
1001 2091 1085 2142 nem

87 2211 172 2284 pars
200 2188 277 2284 ejus
300 2184 394 2256 basis
420 2181 635 2258 vestibulum
660 2185 888 2284 ingressura,
908 2183 1083 2283 margini·

85 2307 155 2379 ltus
183 2308 341 2380 maxime
368 2305 516 2381 elevatis
544 2329 587 2378 ex
612 2306 777 2406 tympani
801 2319 899 2405 parte
915 2303 1082 2398 donatur,

86 2429 147 2530 qui
177 2425 414 2503 intervalloa
453 2428 591 2501 dimoto
633 2424 779 2528 stapede
813 2452 897 2500 cum
933 2427 1086 2504 fenestre

84 2547 183 2622 ovafi
211 2545 393 2620 nascendo
419 2547 693 2621 substituantur.

192 2665 386 2740 XXXIX.
414 2663 514 2740 Haec
553 2681 675 2740 nutem
712 2664 830 2738 omnia
869 2661 1008 2764 (xxxv
1038 2661 1086 2738 ad

88 2809 211 2861 xxxva
226 2813 264 2864 rr
295 2789 312 2886 )
338 2795 413 2860 non
440 2789 516 2860 sine
541 2789 695 2860 maxima
726 2783 946 2886 providentia
983 2787 1086 2858 insti·

88 2921 168 2982 tutn
195 2920 291 2980 sunt.
320 2907 418 2982 Dum
445 2909 577 2982 etenim
602 2920 752 3010 stapes,
792 2909 958 2982 anteriori
985 2906 1086 2988 basit

85 3042 189 3129 parte
214 3029 392 3122 immota,
419 3029 495 3114 sola
523 3029 710 3130 posteriori
736 3033 772 3105 in
789 3029 1008 3122 vestibulum
1026 3031 1084 3100 iu·
1160 3043 1164 3052 “

85 3162 186 3240 trat,
218 3161 351 3248 partem
378 3151 557 3225 circularis
584 3176 713 3228 curvae
747 3154 785 3224 in
823 3152 981 3252 ingressu
1022 3147 1087 3222 de·

90 3271 249 3360 scribit,
277 3271 370 3344 circa
396 3275 610 3348 anteriorem
647 3273 940 3362 extremitatem,
981 3271 1086 3373 quasi

86 3405 252 3464 centrum
278 3389 435 3466 ductam.
456 3399 510 3468 Ae
537 3395 688 3495 proinde
702 3395 874 3496 posterior
888 3394 983 3470 basis
999 3417 1083 3493 pars

84 3507 323 3584 directionem
350 3528 472 3590 motus
498 3517 673 3592 anteriora
699 3543 820 3592 versus
847 3531 946 3592 nacta
972 3536 996 3609 ,¹
1029 3545 1084 3593 se-

86 3629 245 3704 eundum
273 3633 435 3710 eamdem
463 3637 620 3737 profecto
646 3667 775 3742 aquam
804 3641 972 3718 vestibuli
1010 3645 1086 3716 im·

87 3753 205 3850 pettit.
235 3751 331 3828 Haec
355 3755 477 3858 itaque
503 3774 600 3832 motu
627 3785 749 3834 versus
776 3764 990 3838 anteriorem
1018 3789 1077 3836 re-

84 3867 214 3944 tributi
240 3873 505 3950 extremitatem
530 3893 723 3977 properet,
751 3906 842 3981 quae
881 3907 965 3956 cum
1002 3878 1086 3956 nerv-¹

88 4011 172 4062 roso
200 3994 400 4092 sepimento
427 4023 447 4068 a
463 3999 653 4097 posteriori
670 3999 916 4076 discernantur
932 3996 1088 4104 (xxva),‘
