2790 4872
771 449 890 544 (π)

323 637 410 714 tur,
438 621 498 696 se'd
524 649 542 694 a
570 616 799 695 similitudine
832 629 1060 719 permotum,
1088 641 1195 721 quam
1220 639 1305 691 cum

324 745 465 818 urbium
490 740 792 846 aquaeductibus,
809 765 872 813 suo
897 737 955 812 bic
981 736 1107 812 canalis
1122 761 1310 839 progressu

324 861 605 964 repraesentabat
629 858 699 961 (b).
726 859 763 935 si
791 858 975 935 clarissimi
992 870 1147 934 ceterum
1172 859 1245 952 alii,
1273 873 1311 933 et

327 988 398 1060 suis
422 983 556 1058 meritis
582 979 812 1056 laudatissimi
837 981 943 1072 Viri,
979 978 1215 1080 aquaeductus
1246 981 1312 1053 no·

326 1130 408 1180 men
436 1105 481 1176 ad
504 1099 686 1177 Eustachii
712 1097 836 1177 tubam
853 1099 1113 1191 traduxerunt,
1139 1099 1311 1202 quemad·

327 1221 474 1296 modum
515 1219 592 1294 fuse
628 1221 679 1294 ab
719 1221 849 1296 illustri
889 1221 1087 1324 Morgagno
1129 1235 1311 1296 ostensum

327 1358 379 1416 est
402 1342 478 1444 (e)·,
503 1342 540 1419 id
567 1357 628 1416 aut
654 1351 723 1415 uou
749 1341 840 1416 bene
865 1343 1028 1444 cognitis,
1055 1355 1161 1445 atque
1184 1340 1311 1416 distin·

327 1463 392 1536 ctis
418 1461 574 1563 utrisque
600 1461 806 1553 canalibus,
833 1473 893 1534 aut
918 1463 947 1532 si
982 1461 1160 1561 cognitis,
1201 1461 1310 1534 nimis

328 1608 370 1654 eo
397 1584 541 1656 nomina
565 1581 713 1656 licenter
738 1583 789 1656 usi
814 1584 981 1660 videntur
1008 1579 1177 1655 effecisse.
1205 1582 1311 1674 Quae

326 1699 478 1795 iaciunt,
507 1717 545 1778 ut
572 1701 725 1792 credam,
754 1729 812 1778 me
836 1727 907 1776 non
934 1728 1006 1777 esse
1029 1701 1183 1780 nominis
1208 1700 1314 1805 hujus

328 1823 545 1926 proprietate
572 1822 748 1912 abusum3
779 1849 862 1896 cum
887 1823 1064 1898 canalibus
1089 1825 1218 1924 aptavi,
1245 1826 1312 1929 qui

328 1941 641 2044 aquaeductuum,
672 1955 707 2012 et
731 1938 911 2033 formam,
940 1957 975 2015 et
1000 1941 1176 2032 officium,
1211 1946 1314 2018 omui

327 2087 375 2137 cx·
397 2079 494 2162 parte
520 2064 586 2137 sibi
612 2063 807 2139 vindicant.
836 2063 902 2135 Est
925 2065 1056 2138 etenim
1082 2093 1100 2136 a
1133 2063 1314 2141 vestibulo

326 2182 409 2279 ria,
438 2207 526 2284 quae
561 2209 624 2280 per
657 2177 815 2257 medium
856 2209 1000 2256 currens
1025 2209 1064 2258 os
1100 2195 1313 2285 petrosum,

323 2297 512 2374 humorem
537 2299 630 2373 illius
655 2329 741 2378 cavo
768 2315 972 2377 contentum
996 2359 1007 2395 ‚
1027 2306 1072 2403 in
1108 2307 1315 2406 proximum

325 2417 510 2518 lateralem
534 2421 653 2498 sinum
678 2423 786 2498 durae
813 2426 944 2513 matris,
973 2436 1061 2499 stato
1078 2425 1316 2526 temporede-

325 2539 446 2633 rivet,
474 2568 582 2642 quam
609 2567 676 2645 ego
712 2541 894 2617 vestibuli
928 2543 1208 2646 aquaeductum
1249 2571 1314 2648 ap·

324 2658 440 2766 pello:
461 2675 512 2734 est
527 2663 656 2762 pariter
680 2663 810 2752 altera,
837 2689 926 2764 quae
951 2695 969 2736 a
995 2662 1137 2740 cochlea
1155 2665 1315 2740 similem

325 2779 512 2882 humorem
536 2783 570 2856 in
605 2780 776 2858 calvariae
814 2809 939 2858 cavum
977 2785 1119 2886 proprio
1150 2797 1315 2885 tempore

190 2964 195 2974 .
328 2902 468 2998 defert,
493 2931 600 3008 quam
627 2903 810 2979 cochleae
835 2907 978 2979 nomino
1014 2905 1312 3008 aquaeductum.

325 3021 491 3128 Horum,
520 3051 633 3126 neque
658 3039 754 3098 ortus
779 3025 939 3126 poterit,
969 3050 1085 3128 neque
1102 3049 1185 3099 usus
1208 3026 1316 3100 iutel-

325 3143 406 3247 ligi,
418 3147 482 3222 nisi
508 3160 608 3219 antea
633 3145 841 3246 perbrevem
865 3149 959 3222 auris
983 3148 1139 3242 internae
1153 3145 1316 3250 descrip-

236 3295 238 3302 ,
292 3261 464 3336 ·tiouem
489 3287 718 3363 proposuero.
824 3339 827 3344 .

328 3476 330 3484 Α
421 3367 473 3454 11.
501 3382 665 3454 Caritatis
689 3383 851 3482 tympani
876 3379 988 3484 paries
1014 3380 1173 3476 interior,
1201 3409 1315 3488 quem

315 3497 484 3610 fundum
509 3503 686 3604 aptissime
709 3502 958 3592 nominaveris,
986 3529 1056 3575 non
1082 3501 1317 3604 perpendicu-

325 3617 407 3698 laris
433 3636 484 3695 est
508 3618 707 3715 horizonti,
737 3619 799 3695 sed
824 3624 996 3726 superiori
1020 3639 1151 3728 parte,
1179 3637 1216 3698 et
1249 3651 1317 3726 po·

374 3889 575 4068 (b)80bserv.
600 3895 695 3964 Anat.
720 3861 799 3986 pm.
847 3899 892 3990 (e)
914 3893 1014 3991 Epist.
1031 3897 1127 3974 Anat.
1143 3899 1311 3998 rrr.§.1o.

398 4024 417 4070 a
443 4053 452 4070 .
