2760 4874
528 427 667 522 (ιω)

110 593 199 672 tinni
223 593 398 696 mojorem
423 591 623 698 relinquit,
648 615 734 672 eum
757 591 968 676 damnant
1008 619 1091 674 cora

102 718 354 819 parturires,
381 729 465 790 tnnn
493 717 634 790 animos
673 715 820 794 liberior
860 717 928 792 ribi
971 720 1094 798 vivit·

103 839 228 932 Quem
252 857 480 940 progressum
519 859 602 910 cum
638 851 786 937 aperto,
826 837 914 914 milri
952 839 1097 916 evidere

102 971 275 1056 apparet,
302 954 457 1032 humano
483 955 603 1030 enimn
628 955 722 1030 nihil
738 958 852 1031 inesse
868 971 1073 1034 concretum
1081 1009 1099 1052 ,.

100 1075 192 1150 nihil
218 1076 392 1162 mortale,
419 1074 448 1148 si
475 1087 553 1150 tum
579 1074 700 1150 vivere
725 1074 876 1178 incipit,
903 1101 989 1154 cum
1015 1097 1098 1154 tot·

104 1221 199 1296 prro,
228 1220 300 1298 quo
325 1193 576 1288 concluditur,
601 1197 740 1270 affectat
759 1198 886 1272 emori.

172 1315 271 1388 ··VI.
291 1315 423 1416 Magna
450 1325 503 1388 est
531 1315 629 1388 enim
656 1315 692 1387 in
719 1313 894 1406 cerebro,
921 1339 992 1416 quo
1016 1320 1096 1392 ani·

104 1459 188 1510 mus
215 1436 315 1510 sedet
338 1435 374 1510 in
396 1433 469 1508 alto
494 1434 660 1535 positus,
696 1435 885 1508 animantis
921 1436 989 1510 sibi
1031 1437 1097 1512 nd·
1195 1415 1197 1424 ,

105 1555 195 1630 dicti
220 1557 338 1630 fraena
362 1552 642 1646 moderaturus,
663 1557 896 1658 vegetationis
921 1558 990 1650 vis,
1017 1581 1096 1638 rna·

104 1699 178 1776 gna
204 1687 378 1776 potentes,
405 1699 495 1778 qnae
519 1675 628 1758 animi
652 1687 783 1752 statum
808 1679 1014 1770 conturbet,
1043 1690 1097 1754 at*

106 1815 181 1894 que
207 1795 427 1870 dominatum
452 1795 608 1895 exagitet
631 1795 808 1870 rationis.
836 1792 931 1872 Nom
973 1795 1098 1872 lentie·

110 1915 226 1990 simne
250 1914 488 2020 vegetationis
511 1911 668 1992 hominis
693 1935 854 2014 eorpus,
897 1917 963 1990 etei
999 1938 1100 1992 cere·

101 2031 161 2110 bri
185 2035 442 2112 formationem
481 2033 592 2136 longe
634 2047 863 2136 praevertet,
890 2036 940 2108 ita
975 2047 1100 2110 tamen

104 2169 355 2258 comparatum
380 2168 457 2248 est,
484 2167 553 2246 nt,
579 2176 627 2230 ex
666 2153 833 2230 omnibus
867 2156 981 2256 ipsios
1015 2179 1099 2258 prr·

41 2261 45 2266 ¹
103 2275 228 2367 tibus,
254 2276 440 2352 cerebrum
464 2275 628 2352 videatur
651 2275 808 2376 primum
833 2277 997 2352 omnium
1027 2277 1100 2350 ori·

104 2393 138 2466 ri
150 2447 163 2484 ‚
193 2395 427 2496 omniumque
451 2395 607 2496 partium
642 2403 859 2495 postremam
897 2395 1099 2470 incremen·

102 2514 132 2586 ti
159 2514 353 2590 terminum
378 2514 571 2592 obtinere.
599 2513 731 2619 Attea,
773 2517 810 2590 in
852 2518 930 2617 ejus
965 2513 1096 2590 torma·

104 2635 205 2710 tinne
231 2631 470 2736 complenda,
496 2635 645 2728 lentus,
673 2649 781 2738 etque
805 2635 1017 2729 diuturnae,
1035 2657 1098 2712 na·

105 2769 211 2832 torae
235 2753 338 2832 labne
362 2769 446 2850 eet,
472 2756 573 2858 quasi
611 2758 776 2834 consciae
814 2754 904 2860 qnid
933 2758 1099 2834 momen·

106 2878 137 2950 ti
163 2873 255 2954 illud
279 2877 316 2952 in
342 2875 488 2954 homine
511 2875 667 2970 habent,
694 2875 794 2981 qnod
819 2877 1008 2954 caelestem
1033 2878 1093 2970 sit,

104 3009 214 3101 atque
240 2997 402 3075 divinam
426 3000 506 3074 vim
530 2999 677 3074 rationis
702 2998 996 3100 complexurum.
1025 2993 1100 3072 Ve-

110 3119 261 3222 getandi
285 3119 487 3221 progressio
513 3117 653 3221 aliquid
687 3121 725 3196 in
751 3117 827 3194 dies
866 3118 1014 3224 cerebro
1037 3117 1100 3194 ad·

109 3237 198 3330 dit,
226 3237 343 3314 multo
370 3238 547 3342 explicat,
574 3250 680 3341 atque
704 3235 905 3326 distendit3
948 3237 1100 3316 varieta-

109 3377 182 3459 que
205 3354 394 3456 paullatim
425 3355 642 3458 receptaculi
682 3351 826 3448 forma,
871 3353 1100 3456 cogitationis

103 3479 213 3567 vim,
239 3487 343 3579 etque
377 3478 490 3552 enimi
525 3489 691 3568 statam,
729 3475 872 3568 alium,
914 3473 1097 3577 aliamque

105 3605 234 3684 reddet
258 3625 402 3684 neeesse
425 3618 504 3686 est.
532 3605 616 3684 Non
643 3600 739 3710 qnod
764 3607 904 3681 animas
942 3605 1094 3680 immor·

106 3731 188 3808 talis
212 3729 261 3803 ito
284 3729 415 3802 mutari
439 3729 652 3832 contingat,
671 3725 733 3802 sed
750 3728 830 3828 quin
855 3723 1000 3801 rationis
1026 3726 1093 3815 tia,

105 3865 211 3954 atque
236 3843 413 3942 incultae,
440 3869 532 3954 quae
559 3860 612 3926 ert
635 3847 744 3922 animi
786 3847 960 3946 propria,
987 3855 1023 3914 et
1063 3843 1095 3914 l·

105 3973 277 4074 mrginer
301 3987 449 4066 rernm,
477 3991 561 4072 qnos
600 3967 640 4044 in
665 3961 809 4042 cerebro
833 3963 945 4066 plotas
983 3954 1094 4060 ptan-

746 4087 768 4132 ll
