2756 4874
524 415 659 508 (ω)

83 580 230 669 tientes,
258 593 344 679 quot
372 577 518 658 numero
544 596 624 654 stant
651 583 785 652 sonori·
808 583 967 681 corporis
1003 575 1059 656 vi²

84 688 285 774 litationes.
314 701 386 774 Sed
413 726 501 800 quae
530 699 660 773 chorda
687 701 796 772 semol
832 725 992 795 percursa
1014 723 1063 772 'o-

85 817 193 890 scillat
217 819 363 892 semel?
390 817 495 892 Certe
519 844 609 921 quae
627 832 724 892 tonsa
754 822 919 905 nimium,
947 836 982 893 ct
998 823 1065 894 aic-

84 937 220 1010 cissima
247 937 378 1012 chorda
403 955 468 1029 est,
498 941 606 1012 semol
632 937 780 1037 pulsata,
808 941 957 1026 valide,
985 938 1065 1010 diu-

84 1059 220 1160 tiusque
262 1063 405 1150 tremi13
431 1063 492 1136 sed
517 1063 627 1133 vitare
654 1097 779 1142 aarum
819 1061 907 1133 hanc
948 1056 1068 1132 molti-

13 1281 17 1294 .
83 1178 213 1276 plicam
241 1181 490 1256 oscillationem
517 1185 550 1254 in
577 1179 715 1257 chordis
751 1185 880 1254 nostris'
902 1180 1064 1252 acueticie

86 1301 154 1372 aisa
180 1314 265 1392 est,
291 1309 522 1403 nequeenim
561 1317 676 1378 tensas
717 1305 869 1374 nimium
902 1354 911 1386 ,
953 1323 1067 1396 neque

86 1418 226 1512 aridas,
255 1417 315 1494 sed
341 1423 494 1510 molles,
523 1433 559 1492 et
585 1421 697 1495 fluido
722 1421 889 1494 continuo
932 1437 1067 1513 pressas

18 1571 22 1578 ·
87 1541 257 1637 (xxix)
285 1544 422 1616 easdem
452 1541 664 1618 efformavit.
695 1539 746 1613 lta
774 1539 868 1616 enim
895 1537 964 1622 fit,
992 1547 1067 1619 ut,

87 1675 211 1736 cum'a
237 1665 379 1763 stapede
405 1667 659 1764 impelluntur,
686 1685 864 1762 nonquam
882 1667 1068 1759 acceptam

87 1783 289 1857 continuent
313 1803 530 1874 tremorem,
558 1787 621 1860 sed
648 1784 757 1860 semel
794 1792 941 1862 motae,
969 1775 1069 1875 quie·

87 1915 206 1996 scant,
231 1931 298 1978 uec
323 1909 450 1980 iterum
478 1921 715 1998 moveantur,
744 1905 808 1978 nisi
843 1923 943 1973 nova¹
969 1917 1069 1966 acco·

61 2116 63 2125 ,
87 2024 141 2100 dat
169 2027 322 2125 stapedis
348 2030 542 2136 impulsio.
571 2027 697 2100 Omnis
739 2026 836 2095 enim
873 2032 1068 2090 tremorum

87 2148 321 2238 continuatio,
348 2177 454 2252 quam
480 2171 661 2248 percussae
695 2142 847 2218 chordae
881 2153 1070 2232 tonsaeque

86 2268 296 2366 perficiunt,
324 2273 353 2342 si
385 2271 580 2344 metallicae
604 2279 709 2355 sunt,
739 2281 772 2336 et
799 2263 944 2334 lrumore
963 2279 1071 2355 aquo·

88 2419 122 2466 so
146 2419 219 2468 non
246 2393 477 2467 circumfusae
498 2446 509 2481 ,
535 2393 570 2464 in
598 2387 760 2462 acusticis
780 2383 919 2457 chordis
945 2373 1071 2451 necrol

90 2514 132 2585 sis
158 2511 309 2584 inhibita
338 2525 415 2602 est,
443 2537 533 2612 quae
571 2508 698 2582 molles
741 2505 851 2578 factae
877 2511 1011 2586 sunt‚·
1036 2505 1072 2563 et
1133 2484 1135 2488 ¹

90 2633 237 2706 humore
274 2641 504 2719 coercentur,
542 2633 578 2703 in
605 2653 677 2728 quo
719 2621 913 2725 superfluus
954 2618 1071 2690 omnis

91 2753 242 2830 chordae
268 2769 402 2831 tremor
429 2753 614 2826 emoritur.

91 2911 94 2922 ·
188 2873 310 2950 xutl.
340 2875 501 2973 Apparet
527 2895 571 2942 ex
596 2867 688 2955 hoc,
715 2892 822 2964 quam
847 2885 980 2956 magno
1005 2891 1065 2938 nr·

89 3013 197 3076 'nom
222 2996 383 3068 instituto
408 2991 536 3063 sactum
564 2991 695 3077 sit,·ut
721 2982 821 3054 nervi
846 2976 1039 3076 labyrinthi
1060 3029 1072 3062 ,

92 3121 247 3192 maxima
274 3129 370 3217 parte
389 3114 462 3199 ,in
490 3136 592 3182 unam
630 3105 877 3203 expansionem
918 3099 1074 3172 conflua-

95 3250 197 3328 rent,
236 3246 311 3307 toto
353 3229 487 3303 ambitu
528 3225 693 3301 vestibuli
720 3221 910 3322 parietibus
950 3217 1075 3316 alliga·

94 3371 180 3449 tam,
199 3351 397 3455 cujusmodi
414 3366 551 3450 septum
566 3369 751 3420 nervosum
763 3340 928 3416 vestibuli
941 3337 1074 3436 (xxva)

97 3493 159 3551 est.
187 3477 265 3550 Hoc
287 3475 381 3547 enim
409 3487 547 3570 septum
573 3465 725 3563 amplam
745 3464 955 3558 firmamque
971 3458 1075 3530 chor·

96 3595 175 3668 dam
193 3649 205 3686 ,
234 3596 306 3670 sive
332 3594 487 3680 seriem,
515 3599 567 3661 rot
583 3582 793 3659 choalarum·
808 3575 1071 3680 parallelorum,

97 3727 182 3817 quot
205 3738 353 3788 nervosa
393 3711 454 3784 fila
491 3705 772 3805 complectitur,
808 3709 1073 3800 repraesentat,

97 3859 214 3937 quae,
242 3847 384 3909 motoa
426 3830 568 3932 stapcde
608 3823 783 3911 humori,
817 3819 973 3918 undique
995 3841 1075 3912 ·op·

96 3969 301 4059 ponuntur,
328 3961 473 4056 ejusque
497 3951 569 4031 vim
593 3942 958 4048 integramaccipiunt
980 3963 1092 4030 racc„
