2756 4874
745 427 882 522 (¹⁰²)

314 657 318 666 »
406 604 562 680 LXVII.
590 601 777 679 Fabricam
802 595 1040 702 aquaeductus
1056 596 1223 674 vestibuli
1250 599 1288 668 iu

306 723 434 841 adultip
458 722 624 798 hactenus
649 723 900 823 exposuimus,
928 718 1102 819 qualisin
1127 717 1199 791 fetu
1226 719 1286 808 sit,
1371 723 1372 818 q

302 848 410 926 modo
436 845 704 919 enarrabimus.
732 842 774 915 In
799 841 868 916 boc
906 863 991 920 vero
1033 837 1285 938 contemplanti
1370 861 1372 896 ι

302 969 389 1045 mihi
415 971 522 1069 partis
546 977 756 1043 structuram
781 987 884 1067 saepe
910 963 1028 1036 mirari
1046 961 1179 1051 subiit,
1199 985 1289 1060 quo·
1371 953 1372 990 ³

300 1087 409 1161 modo
435 1112 490 1161 res
514 1111 577 1186 per
602 1113 639 1160 se
664 1087 700 1157 in
726 1083 872 1158 oculum
896 1082 1083 1155 incurrens
1100 1135 1110 1168 ‚
1128 1077 1173 1152 ad
1193 1077 1289 1151 huuc
1371 1069 1372 1132 ἶ

304 1203 401 1298 diem
426 1207 578 1306 potuerit
602 1202 799 1307 praeteriri.
828 1203 945 1275 Habet
977 1200 1068 1275 letus
1094 1200 1188 1273 enim
1214 1197 1289 1269 ori·
1371 1237 1372 1250 ι

303 1325 424 1398 licium
449 1323 686 1424 aquaeductus
711 1323 745 1394 ei
770 1320 1019 1413 simillimum,
1047 1321 1064 1419 (
1090 1319 1158 1391 nisi
1184 1317 1285 1417 quod
1371 1361 1372 1366 ,

193 1524 196 1530 ,
302 1449 410 1544 etiam
434 1447 608 1547 patentius
633 1443 845 1546 quaudoque
870 1444 915 1516 sit
941 1440 986 1540 )‚
1013 1439 1118 1542 quod¹
1149 1439 1285 1512 babent
1371 1423 1372 1482 3

303 1567 425 1642 adulti.
455 1568 547 1641 Tota
572 1570 647 1667 ejus
671 1589 768 1639 ossen
795 1589 875 1662 pars
915 1587 988 1635 uon
1020 1563 1107 1635 ossis
1148 1565 1285 1662 petrosi
1371 1541 1372 1551 ἵ

304 1684 498 1781 substantia
524 1683 680 1785 undiquc
707 1682 894 1770 obruitur,
931 1681 994 1754 sed
1034 1680 1220 1771 distincti,
1252 1699 1288 1758 et
1371 1761 1372 1780 q

302 1807 348 1878 ab
374 1829 450 1888 osse
486 1801 624 1904 reliquo
651 1803 799 1900 separati
812 1800 889 1873 tubi
904 1800 1013 1874 forma
1032 1799 1193 1900 procedit
1206 1796 1288 1900 (d)

243 1979 247 1994 .
303 1922 412 2023 Cujus
438 1934 531 1994 tanta
556 1917 647 1995 milri
673 1921 745 1994 visa
771 1930 824 1991 est
847 1919 1038 2020 aliquando
1073 1917 1289 2011 distinctio,

302 2055 342 2114 ut
366 2053 545 2140 perspecto
572 2052 710 2113 meatus
734 2038 826 2112 intra
850 2038 968 2138 ipsum
983 2036 1200 2114 decurrentis
1216 2069 1295 2116 am·

300 2160 504 2260 plumbus,
529 2160 589 2239 vix
614 2161 744 2234 clarius
762 2159 895 2261 aliquid
912 2160 1108 2260 conspicari
1134 2161 1294 2260 potuisse

302 2281 512 2381 judicarem.
541 2279 641 2354 Talis
653 2292 810 2352 attamen
835 2283 870 2352 in
888 2277 1022 2352 fetibus
1039 2279 1183 2354 minoris
1199 2293 1297 2355 nota-

301 2405 347 2477 tis
373 2404 487 2478 videri
512 2427 580 2476 nnn
608 2413 750 2501 potest,
778 2398 908 2503 quibus
932 2397 1138 2474 brevissima
1165 2414 1219 2474 est
1234 2427 1294 2476 os·

300 2550 358 2600 sna
383 2523 623 2626 aquaeductus
646 2521 812 2599 vestibuli
849 2547 958 2622 pars,
999 2547 1065 2596 uec
1101 2547 1294 2623 progressu

303 2645 421 2722 adbuc
444 2671 506 2718 suo
533 2643 632 2719 valde
657 2641 890 2743 spectabilis.
922 2629 1064 2745 Virque
1089 2645 1126 2717 in
1151 2642 1207 2719 bis
1231 2673 1294 2718 ru-

304 2765 502 2838 dimentum
526 2763 671 2862 aliquod
696 2761 773 2836 tubi
799 2763 928 2840 exoriri
945 2759 1156 2862 conspicitur
1180 2790 1294 2864 parvo

303 2886 476 2960 foramine
502 2887 664 2986 trajecti.
693 2884 771 2960 Ubi
797 2887 926 2960 moturi
964 2883 1009 2958 ad
1034 2897 1176 2987 partum
1202 2886 1296 2963 fetus
1371 2967 1372 2974 χ

307 3019 410 3096 sunt,
436 3003 606 3110 distingui
633 3003 737 3080 valde
760 3004 873 3077 tubus
897 3027 1019 3078 osseus
1060 3014 1197 3103 potest,
1228 3009 1295 3107 qui
1371 2993 1372 3002 ἵ

225 3173 227 3180 -
302 3124 349 3198 ad
375 3127 522 3202 duarum
545 3149 656 3225 prope
680 3123 852 3198 linearum
878 3121 1137 3225 longitudinem
1173 3152 1292 3227 quon·

300 3244 419 3349 doque
446 3247 631 3348 pertingit.
659 3245 759 3320 Finis
785 3260 904 3320 autem
929 3245 1038 3337 tubi,
1066 3250 1127 3348 qui
1152 3247 1296 3348 reliquo
1371 3233 1372 3236 Ἴ

299 3366 402 3442 latior
428 3380 510 3456 cst,
537 3379 578 3440 ut
603 3380 643 3440 ut
667 3366 785 3458 liber,
813 3367 891 3439 sinu
917 3378 1068 3459 tamen,
1107 3381 1168 3439 ant
1192 3365 1298 3445 loven

300 3486 474 3588 excipitur
501 3487 557 3590 (e)
577 3541 588 3578 ,
613 3489 650 3561 in
666 3476 837 3588 'proxime
862 3487 1039 3587 supposita
1063 3485 1191 3586 petrosi
1206 3488 1300 3563 ossis

307 3607 495 3704 superficie
523 3621 706 3696 excavata,
726 3629 815 3706 quac
841 3607 964 3679 aetatis
981 3605 1202 3680 incremento
1218 3633 1299 3680 sen·

302 3724 369 3798 sim
394 3722 596 3828 sensimque
631 3724 872 3800 obliteratur.
899 3726 976 3800 Hac
1014 3723 1119 3800 fovea
1156 3727 1291 3806 cavitas

349 3989 399 4080 (a)
422 3987 505 4060 ru.
534 4010 563 4057 1.
585 3991 638 4082 ag.
666 3987 701 4072 a.
726 4013 759 4084 g.
828 3989 875 4081 (e)
897 3989 977 4061 uu.
999 3987 1033 4060 b.
1139 4027 1142 4036 ,
1233 4029 1236 4036 ·
