<?xml version="1.0" encoding="UTF-8"?>
<!DOCTYPE html PUBLIC "-//W3C//DTD XHTML 1.0 Transitional//EN"
    "http://www.w3.org/TR/xhtml1/DTD/xhtml1-transitional.dtd">
<html xmlns="http://www.w3.org/1999/xhtml" xml:lang="en" lang="en">
 <head>
  <title>
</title>
<meta http-equiv="Content-Type" content="text/html;charset=utf-8" />
  <meta name='ocr-system' content='tesseract 3.04.00' />
  <meta name='ocr-capabilities' content='ocr_page ocr_carea ocr_par ocr_line ocrx_word'/>
</head>
<body>
  <div class='ocr_page' id='page_1' title='image "./opusculamedica01cotugoog_0076.png"; bbox 0 0 2790 4872; ppageno 0'>
   <div class='ocr_carea' id='block_1_1' title="bbox 95 478 1116 2192">
    <p class='ocr_par' dir='ltr' id='par_1_1' title="bbox 95 478 1116 2192">
     <span class='ocr_line' id='line_1_1' title="bbox 549 478 682 581; baseline 0 -3"><span class='ocrx_word' id='word_1_1' title='bbox 549 478 682 581; x_wconf 62' lang='lat' dir='ltr'>W)</span> 
     </span>
     <span class='ocr_line' id='line_1_2' title="bbox 128 646 1105 754; baseline -0.005 -28"><span class='ocrx_word' id='word_1_2' title='bbox 128 671 299 754; x_wconf 77' lang='lat' dir='ltr'>exurgere</span> <span class='ocrx_word' id='word_1_3' title='bbox 325 646 422 750; x_wconf 79' lang='lat' dir='ltr'>spine</span> <span class='ocrx_word' id='word_1_4' title='bbox 447 647 571 749; x_wconf 78' lang='lat' dir='ltr'>incipit</span> <span class='ocrx_word' id='word_1_5' title='bbox 597 647 685 750; x_wconf 78' lang='lat' dir='ltr'><em>(k),</em></span> <span class='ocrx_word' id='word_1_6' title='bbox 713 670 804 749; x_wconf 79' lang='lat' dir='ltr'>quur</span> <span class='ocrx_word' id='word_1_7' title='bbox 830 648 957 722; x_wconf 82' lang='lat' dir='ltr'>sensim</span> <span class='ocrx_word' id='word_1_8' title='bbox 980 646 1105 721; x_wconf 64' lang='lat' dir='ltr'>introt&#39;⁴</span> 
     </span>
     <span class='ocr_line' id='line_1_3' title="bbox 125 767 1103 869; baseline -0.009 -22"><span class='ocrx_word' id='word_1_9' title='bbox 125 799 207 847; x_wconf 90' lang='lat' dir='ltr'>sum</span> <span class='ocrx_word' id='word_1_10' title='bbox 234 771 336 844; x_wconf 81' lang='lat' dir='ltr'>ducta</span> <span class='ocrx_word' id='word_1_11' title='bbox 364 772 535 847; x_wconf 82' lang='lat' dir='ltr'>extentior</span> <span class='ocrx_word' id='word_1_12' title='bbox 561 771 624 844; x_wconf 87' lang='lat' dir='ltr'>fit:</span> <span class='ocrx_word' id='word_1_13' title='bbox 647 793 796 869; x_wconf 87' lang='lat' dir='ltr'>cumque</span> <span class='ocrx_word' id='word_1_14' title='bbox 822 769 858 840; x_wconf 88' lang='lat' dir='ltr'>in</span> <span class='ocrx_word' id='word_1_15' title='bbox 883 769 953 839; x_wconf 86' lang='lat' dir='ltr'>fine</span> <span class='ocrx_word' id='word_1_16' title='bbox 979 767 1103 840; x_wconf 83' lang='lat' dir='ltr'>intimo</span> 
     </span>
     <span class='ocr_line' id='line_1_4' title="bbox 131 883 1105 992; baseline -0.008 -28"><span class='ocrx_word' id='word_1_17' title='bbox 131 889 263 966; x_wconf 80' lang='lat' dir='ltr'>ceorlis</span> <span class='ocrx_word' id='word_1_18' title='bbox 288 893 446 992; x_wconf 86' lang='lat' dir='ltr'>pervenit</span> <span class='ocrx_word' id='word_1_19' title='bbox 472 903 662 963; x_wconf 79' lang='lat' dir='ltr'><strong>retrorsum</strong></span> <span class='ocrx_word' id='word_1_20' title='bbox 689 895 869 962; x_wconf 79' lang='lat' dir='ltr'>recurvata</span> <span class='ocrx_word' id='word_1_21' title='bbox 896 883 993 958; x_wconf 82' lang='lat' dir='ltr'>sulcis</span> <span class='ocrx_word' id='word_1_22' title='bbox 1027 907 1105 984; x_wconf 85' lang='lat' dir='ltr'>spe·</span> 
     </span>
     <span class='ocr_line' id='line_1_5' title="bbox 132 1005 1101 1110; baseline -0.008 -24"><span class='ocrx_word' id='word_1_23' title='bbox 132 1013 214 1104; x_wconf 83' lang='lat' dir='ltr'>cie,</span> <span class='ocrx_word' id='word_1_24' title='bbox 242 1016 277 1086; x_wconf 91' lang='lat' dir='ltr'>in</span> <span class='ocrx_word' id='word_1_25' title='bbox 304 1012 487 1110; x_wconf 78' lang='lat' dir='ltr'>posteriori</span> <span class='ocrx_word' id='word_1_26' title='bbox 504 1009 635 1083; x_wconf 80' lang='lat' dir='ltr'>canalis</span> <span class='ocrx_word' id='word_1_27' title='bbox 653 1012 785 1109; x_wconf 80' lang='lat' dir='ltr'>pariete</span> <span class='ocrx_word' id='word_1_28' title='bbox 801 1010 987 1082; x_wconf 77' lang='lat' dir='ltr'>evanescit.</span> <span class='ocrx_word' id='word_1_29' title='bbox 1005 1005 1101 1080; x_wconf 77' lang='lat' dir='ltr'>Haec</span> 
     </span>
     <span class='ocr_line' id='line_1_6' title="bbox 134 1126 1106 1226; baseline -0.007 -22"><span class='ocrx_word' id='word_1_30' title='bbox 134 1145 271 1205; x_wconf 88' lang='lat' dir='ltr'>utnon</span> <span class='ocrx_word' id='word_1_31' title='bbox 301 1129 454 1203; x_wconf 81' lang='lat' dir='ltr'>mediam</span> <span class='ocrx_word' id='word_1_32' title='bbox 496 1129 637 1226; x_wconf 85' lang='lat' dir='ltr'>perietis</span> <span class='ocrx_word' id='word_1_33' title='bbox 680 1126 860 1200; x_wconf 78' lang='lat' dir='ltr'>anterioris</span> <span class='ocrx_word' id='word_1_34' title='bbox 887 1127 1106 1225; x_wconf 86' lang='lat' dir='ltr'>superficiem</span> 
     </span>
     <span class='ocr_line' id='line_1_7' title="bbox 130 1242 1112 1349; baseline -0.008 -25"><span class='ocrx_word' id='word_1_35' title='bbox 130 1249 331 1349; x_wconf 79' lang='lat' dir='ltr'>percurrit,</span> <span class='ocrx_word' id='word_1_36' title='bbox 361 1249 422 1320; x_wconf 88' lang='lat' dir='ltr'>sed</span> <span class='ocrx_word' id='word_1_37' title='bbox 457 1247 710 1348; x_wconf 81' lang='lat' dir='ltr'>aliquantulum</span> <span class='ocrx_word' id='word_1_38' title='bbox 745 1246 904 1344; x_wconf 82' lang='lat' dir='ltr'>superior</span> <span class='ocrx_word' id='word_1_39' title='bbox 938 1257 1019 1334; x_wconf 80' lang='lat' dir='ltr'>est,</span> <span class='ocrx_word' id='word_1_40' title='bbox 1060 1242 1112 1316; x_wconf 84' lang='lat' dir='ltr'>itu</span> 
     </span>
     <span class='ocr_line' id='line_1_8' title="bbox 134 1364 1107 1470; baseline -0.007 -27"><span class='ocrx_word' id='word_1_41' title='bbox 134 1397 250 1470; x_wconf 86' lang='lat' dir='ltr'>neque</span> <span class='ocrx_word' id='word_1_42' title='bbox 275 1395 419 1443; x_wconf 81' lang='lat' dir='ltr'>coecum</span> <span class='ocrx_word' id='word_1_43' title='bbox 448 1371 519 1470; x_wconf 74' lang='lat' dir='ltr'>ejus</span> <span class='ocrx_word' id='word_1_44' title='bbox 545 1371 653 1464; x_wconf 82' lang='lat' dir='ltr'>finem</span> <span class='ocrx_word' id='word_1_45' title='bbox 679 1365 869 1466; x_wconf 77' lang='lat' dir='ltr'>aequaliter</span> <span class='ocrx_word' id='word_1_46' title='bbox 892 1364 1107 1466; x_wconf 76' lang='lat' dir='ltr'>bipartitur,</span> 
     </span>
     <span class='ocr_line' id='line_1_9' title="bbox 136 1483 1114 1590; baseline -0.006 -27"><span class='ocrx_word' id='word_1_47' title='bbox 136 1493 196 1563; x_wconf 83' lang='lat' dir='ltr'>sed</span> <span class='ocrx_word' id='word_1_48' title='bbox 223 1491 441 1590; x_wconf 85' lang='lat' dir='ltr'>superiorem</span> <span class='ocrx_word' id='word_1_49' title='bbox 478 1491 653 1564; x_wconf 86' lang='lat' dir='ltr'>minorem</span> <span class='ocrx_word' id='word_1_50' title='bbox 687 1488 837 1574; x_wconf 82' lang='lat' dir='ltr'>sedem,</span> <span class='ocrx_word' id='word_1_51' title='bbox 879 1486 924 1559; x_wconf 89' lang='lat' dir='ltr'>eb</span> <span class='ocrx_word' id='word_1_52' title='bbox 957 1483 1114 1557; x_wconf 81' lang='lat' dir='ltr'>inferiori</span> 
     </span>
     <span class='ocr_line' id='line_1_10' title="bbox 95 1605 1110 1714; baseline -0.003 -30"><span class='ocrx_word' id='word_1_53' title='bbox 95 1644 97 1650; x_wconf 95' lang='lat'>·</span> <span class='ocrx_word' id='word_1_54' title='bbox 130 1611 424 1714; x_wconf 80' lang='lat' dir='ltr'>·longe·moxime</span> <span class='ocrx_word' id='word_1_55' title='bbox 452 1608 684 1684; x_wconf 80' lang='lat' dir='ltr'>discriminat.</span> <span class='ocrx_word' id='word_1_56' title='bbox 703 1609 783 1682; x_wconf 93' lang='lat' dir='ltr'>Duo</span> <span class='ocrx_word' id='word_1_57' title='bbox 809 1605 1110 1682; x_wconf 78' lang='lat' dir='ltr'>semicanaleshec</span> 
     </span>
     <span class='ocr_line' id='line_1_11' title="bbox 136 1723 1108 1826; baseline 0.001 -25"><span class='ocrx_word' id='word_1_58' title='bbox 136 1731 272 1802; x_wconf 80' lang='lat' dir='ltr'>ratione</span> <span class='ocrx_word' id='word_1_59' title='bbox 298 1731 469 1804; x_wconf 84' lang='lat' dir='ltr'>oriuntur</span> <span class='ocrx_word' id='word_1_60' title='bbox 480 1731 518 1800; x_wconf 89' lang='lat' dir='ltr'>in</span> <span class='ocrx_word' id='word_1_61' title='bbox 546 1727 675 1826; x_wconf 74' lang='lat' dir='ltr'>pariete</span> <span class='ocrx_word' id='word_1_62' title='bbox 691 1723 820 1802; x_wconf 75' lang='lat' dir='ltr'>canatis</span> <span class='ocrx_word' id='word_1_63' title='bbox 835 1733 1032 1804; x_wconf 88' lang='lat' dir='ltr'>communis</span> <span class='ocrx_word' id='word_1_64' title='bbox 1048 1757 1108 1804; x_wconf 85' lang='lat' dir='ltr'>on·</span> 
     </span>
     <span class='ocr_line' id='line_1_12' title="bbox 139 1849 1111 1954; baseline 0.003 -31"><span class='ocrx_word' id='word_1_65' title='bbox 139 1853 292 1941; x_wconf 83' lang='lat' dir='ltr'>teriori,</span> <span class='ocrx_word' id='word_1_66' title='bbox 318 1849 407 1923; x_wconf 81' lang='lat' dir='ltr'>alter</span> <span class='ocrx_word' id='word_1_67' title='bbox 431 1877 533 1951; x_wconf 85' lang='lat' dir='ltr'>supra</span> <span class='ocrx_word' id='word_1_68' title='bbox 558 1853 698 1950; x_wconf 84' lang='lat' dir='ltr'>spinum</span> <span class='ocrx_word' id='word_1_69' title='bbox 724 1851 840 1926; x_wconf 89' lang='lat' dir='ltr'>minor</span> <span class='ocrx_word' id='word_1_70' title='bbox 862 1850 927 1954; x_wconf 77' lang='lat' dir='ltr'><em>(l),</em></span> <span class='ocrx_word' id='word_1_71' title='bbox 946 1854 1031 1928; x_wconf 78' lang='lat' dir='ltr'>alter</span> <span class='ocrx_word' id='word_1_72' title='bbox 1054 1855 1111 1926; x_wconf 87' lang='lat' dir='ltr'>in·</span> 
     </span>
     <span class='ocr_line' id='line_1_13' title="bbox 138 1971 1111 2074; baseline 0.002 -28"><span class='ocrx_word' id='word_1_73' title='bbox 138 1973 190 2046; x_wconf 84' lang='lat' dir='ltr'>fra</span> <span class='ocrx_word' id='word_1_74' title='bbox 206 1975 314 2074; x_wconf 81' lang='lat' dir='ltr'>longe</span> <span class='ocrx_word' id='word_1_75' title='bbox 329 1973 506 2050; x_wconf 74' lang='lat' dir='ltr'>maximus</span> <span class='ocrx_word' id='word_1_76' title='bbox 523 1971 607 2072; x_wconf 89' lang='lat' dir='ltr'>(m).</span> <span class='ocrx_word' id='word_1_77' title='bbox 626 1971 859 2047; x_wconf 80' lang='lat' dir='ltr'>Semicenalis</span> <span class='ocrx_word' id='word_1_78' title='bbox 875 1977 1031 2074; x_wconf 87' lang='lat' dir='ltr'>superior</span> <span class='ocrx_word' id='word_1_79' title='bbox 1041 2001 1111 2048; x_wconf 91' lang='lat' dir='ltr'>non</span> 
     </span>
     <span class='ocr_line' id='line_1_14' title="bbox 138 2089 1116 2192; baseline -0.003 -24"><span class='ocrx_word' id='word_1_80' title='bbox 138 2107 240 2168; x_wconf 77' lang='lat' dir='ltr'>enter</span> <span class='ocrx_word' id='word_1_81' title='bbox 268 2093 482 2192; x_wconf 87' lang='lat' dir='ltr'>superiorem</span> <span class='ocrx_word' id='word_1_82' title='bbox 508 2089 628 2164; x_wconf 87' lang='lat' dir='ltr'>sedem</span> <span class='ocrx_word' id='word_1_83' title='bbox 665 2092 840 2190; x_wconf 78' lang='lat' dir='ltr'>attingit,</span> <span class='ocrx_word' id='word_1_84' title='bbox 880 2119 987 2192; x_wconf 88' lang='lat' dir='ltr'>quem</span> <span class='ocrx_word' id='word_1_85' title='bbox 1023 2093 1116 2166; x_wconf 77' lang='lat' dir='ltr'>soro-</span> 
     </span>
    </p>
   </div>
   <div class='ocr_carea' id='block_1_2' title="bbox 140 2211 1238 2316">
    <p class='ocr_par' dir='ltr' id='par_1_2' title="bbox 140 2211 1238 2316">
     <span class='ocr_line' id='line_1_15' title="bbox 140 2211 1238 2316; baseline -0.004 -25"><span class='ocrx_word' id='word_1_86' title='bbox 140 2217 239 2292; x_wconf 85' lang='lat' dir='ltr'>mine</span> <span class='ocrx_word' id='word_1_87' title='bbox 266 2211 516 2312; x_wconf 84' lang='lat' dir='ltr'>pertundotor,</span> <span class='ocrx_word' id='word_1_88' title='bbox 545 2213 579 2282; x_wconf 86' lang='lat' dir='ltr'>in</span> <span class='ocrx_word' id='word_1_89' title='bbox 607 2214 780 2313; x_wconf 86' lang='lat' dir='ltr'>superiori</span> <span class='ocrx_word' id='word_1_90' title='bbox 796 2214 903 2287; x_wconf 81' lang='lat' dir='ltr'>latere</span> <span class='ocrx_word' id='word_1_91' title='bbox 920 2212 1123 2316; x_wconf 84' lang='lat' dir='ltr'>eodemque.</span> <span class='ocrx_word' id='word_1_92' title='bbox 1234 2303 1238 2310; x_wconf 27' lang='grc' dir='ltr'>Ι</span> 
     </span>
    </p>
   </div>
   <div class='ocr_carea' id='block_1_3' title="bbox 123 2331 1128 3762">
    <p class='ocr_par' dir='ltr' id='par_1_3' title="bbox 123 2331 1119 3036">
     <span class='ocr_line' id='line_1_16' title="bbox 139 2331 1115 2434; baseline 0.001 -28"><span class='ocrx_word' id='word_1_93' title='bbox 139 2336 303 2407; x_wconf 74' lang='lat' dir='ltr'>anteriori</span> <span class='ocrx_word' id='word_1_94' title='bbox 331 2335 460 2433; x_wconf 86' lang='lat' dir='ltr'>petrosi</span> <span class='ocrx_word' id='word_1_95' title='bbox 488 2331 578 2406; x_wconf 85' lang='lat' dir='ltr'>ossis</span> <span class='ocrx_word' id='word_1_96' title='bbox 602 2347 723 2434; x_wconf 83' lang='lat' dir='ltr'>operto</span> <span class='ocrx_word' id='word_1_97' title='bbox 747 2331 809 2434; x_wconf 87' lang='lat' dir='ltr'>(n)</span> <span class='ocrx_word' id='word_1_98' title='bbox 825 2359 874 2423; x_wconf 86' lang='lat' dir='ltr'>;e</span> <span class='ocrx_word' id='word_1_99' title='bbox 899 2358 972 2434; x_wconf 90' lang='lat' dir='ltr'>quo</span> <span class='ocrx_word' id='word_1_100' title='bbox 986 2333 1115 2408; x_wconf 76' lang='lat' dir='ltr'>ceorlis</span> 
     </span>
     <span class='ocr_line' id='line_1_17' title="bbox 139 2455 1116 2558; baseline 0.001 -30"><span class='ocrx_word' id='word_1_101' title='bbox 139 2456 266 2553; x_wconf 87' lang='lat' dir='ltr'>incipit</span> <span class='ocrx_word' id='word_1_102' title='bbox 293 2458 424 2554; x_wconf 82' lang='lat' dir='ltr'>pariter</span> <span class='ocrx_word' id='word_1_103' title='bbox 450 2479 597 2546; x_wconf 85' lang='lat' dir='ltr'>osseus,</span> <span class='ocrx_word' id='word_1_104' title='bbox 623 2480 687 2556; x_wconf 93' lang='lat' dir='ltr'>per</span> <span class='ocrx_word' id='word_1_105' title='bbox 713 2455 929 2558; x_wconf 83' lang='lat' dir='ltr'>superiorem</span> <span class='ocrx_word' id='word_1_106' title='bbox 954 2457 1116 2558; x_wconf 88' lang='lat' dir='ltr'>primum</span> 
     </span>
     <span class='ocr_line' id='line_1_18' title="bbox 141 2561 1119 2677; baseline 0 -31"><span class='ocrx_word' id='word_1_107' title='bbox 141 2573 242 2647; x_wconf 79' lang='lat' dir='ltr'>fundi</span> <span class='ocrx_word' id='word_1_108' title='bbox 268 2561 430 2676; x_wconf 79' lang='lat' dir='ltr'>tympani</span> <span class='ocrx_word' id='word_1_109' title='bbox 455 2576 533 2677; x_wconf 84' lang='grc' dir='ltr'>(ιι)</span> <span class='ocrx_word' id='word_1_110' title='bbox 551 2591 689 2675; x_wconf 86' lang='lat' dir='ltr'>partem</span> <span class='ocrx_word' id='word_1_111' title='bbox 713 2575 904 2648; x_wconf 81' lang='lat' dir='ltr'>decurrens</span> <span class='ocrx_word' id='word_1_112' title='bbox 923 2630 933 2665; x_wconf 84' lang='lat'>,</span> <span class='ocrx_word' id='word_1_113' title='bbox 952 2571 1036 2648; x_wconf 90' lang='lat' dir='ltr'>hinc</span> <span class='ocrx_word' id='word_1_114' title='bbox 1062 2598 1119 2648; x_wconf 87' lang='lat' dir='ltr'>re·</span> 
     </span>
     <span class='ocr_line' id='line_1_19' title="bbox 124 2693 1119 2787; baseline 0.001 -17"><span class='ocrx_word' id='word_1_115' title='bbox 124 2709 292 2770; x_wconf 57' lang='lat' dir='ltr'>&#39;trorsum</span> <span class='ocrx_word' id='word_1_116' title='bbox 318 2694 512 2773; x_wconf 85' lang='lat' dir='ltr'>devolutus</span> <span class='ocrx_word' id='word_1_117' title='bbox 533 2751 545 2787; x_wconf 74' lang='lat'><strong>‚</strong></span> <span class='ocrx_word' id='word_1_118' title='bbox 570 2696 698 2770; x_wconf 88' lang='lat' dir='ltr'>sensim</span> <span class='ocrx_word' id='word_1_119' title='bbox 726 2694 861 2787; x_wconf 86' lang='lat' dir='ltr'>letior,</span> <span class='ocrx_word' id='word_1_120' title='bbox 899 2722 939 2768; x_wconf 82' lang='lat' dir='ltr'>ec</span> <span class='ocrx_word' id='word_1_121' title='bbox 975 2693 1119 2773; x_wconf 78' lang='lat' dir='ltr'>tandem</span> 
     </span>
     <span class='ocr_line' id='line_1_20' title="bbox 140 2807 1119 2916; baseline 0 -28"><span class='ocrx_word' id='word_1_122' title='bbox 140 2807 236 2888; x_wconf 80' lang='lat' dir='ltr'>retr&#39;o</span> <span class='ocrx_word' id='word_1_123' title='bbox 262 2839 465 2914; x_wconf 82' lang='lat' dir='ltr'>processum</span> <span class='ocrx_word' id='word_1_124' title='bbox 492 2813 722 2916; x_wconf 84' lang='lat' dir='ltr'>styliformem</span> <span class='ocrx_word' id='word_1_125' title='bbox 751 2815 1119 2915; x_wconf 58' lang='lat' dir='ltr'>opertusfluncFelr</span> 
     </span>
     <span class='ocr_line' id='line_1_21' title="bbox 123 2932 880 3036; baseline -0.001 -27"><span class='ocrx_word' id='word_1_126' title='bbox 123 2935 259 3036; x_wconf 82' lang='lat' dir='ltr'>&#39;inpius</span> <span class='ocrx_word' id='word_1_127' title='bbox 275 2937 566 3036; x_wconf 39' lang='lat' dir='ltr'>*aquaeductum</span> <span class='ocrx_word' id='word_1_128' title='bbox 592 2932 781 3034; x_wconf 77' lang='lat' dir='ltr'>appellarit</span> <span class='ocrx_word' id='word_1_129' title='bbox 806 2934 822 3034; x_wconf 91' lang='lat'>(</span> <span class='ocrx_word' id='word_1_130' title='bbox 851 2934 880 3033; x_wconf 88' lang='lat'>).</span> 
     </span>
    </p>

    <p class='ocr_par' dir='ltr' id='par_1_4' title="bbox 127 3055 1128 3762">
     <span class='ocr_line' id='line_1_22' title="bbox 246 3055 1119 3155; baseline 0.003 -28"><span class='ocrx_word' id='word_1_131' title='bbox 246 3055 389 3130; x_wconf 85' lang='lat' dir='ltr'>xxttt.</span> <span class='ocrx_word' id='word_1_132' title='bbox 420 3059 512 3130; x_wconf 87' lang='lat' dir='ltr'>Dura</span> <span class='ocrx_word' id='word_1_133' title='bbox 536 3068 649 3130; x_wconf 86' lang='lat' dir='ltr'>meter</span> <span class='ocrx_word' id='word_1_134' title='bbox 674 3079 737 3155; x_wconf 89' lang='lat' dir='ltr'>per</span> <span class='ocrx_word' id='word_1_135' title='bbox 762 3056 892 3130; x_wconf 90' lang='lat' dir='ltr'>ostium</span> <span class='ocrx_word' id='word_1_136' title='bbox 918 3055 1046 3128; x_wconf 81' lang='lat' dir='ltr'>reflexa</span> <span class='ocrx_word' id='word_1_137' title='bbox 1063 3081 1119 3130; x_wconf 83' lang='lat' dir='ltr'>ee·</span> 
     </span>
     <span class='ocr_line' id='line_1_23' title="bbox 141 3177 1121 3280; baseline 0.001 -28"><span class='ocrx_word' id='word_1_138' title='bbox 141 3177 229 3252; x_wconf 78' lang='lat' dir='ltr'>uelis</span> <span class='ocrx_word' id='word_1_139' title='bbox 256 3179 455 3251; x_wconf 89' lang='lat' dir='ltr'>communis</span> <span class='ocrx_word' id='word_1_140' title='bbox 480 3177 612 3278; x_wconf 81' lang='lat' dir='ltr'>(xxii)</span> <span class='ocrx_word' id='word_1_141' title='bbox 629 3183 701 3280; x_wconf 80' lang='lat' dir='ltr'>ejus</span> <span class='ocrx_word' id='word_1_142' title='bbox 729 3201 872 3250; x_wconf 88' lang='lat' dir='ltr'>omnem</span> <span class='ocrx_word' id='word_1_143' title='bbox 898 3179 1121 3280; x_wconf 86' lang='lat' dir='ltr'>superficiem</span> 
     </span>
     <span class='ocr_line' id='line_1_24' title="bbox 127 3295 1120 3398; baseline 0.005 -30"><span class='ocrx_word' id='word_1_144' title='bbox 127 3295 313 3385; x_wconf 79' lang='lat' dir='ltr'>investit,</span> <span class='ocrx_word' id='word_1_145' title='bbox 342 3312 375 3369; x_wconf 88' lang='lat' dir='ltr'>et</span> <span class='ocrx_word' id='word_1_146' title='bbox 401 3323 464 3398; x_wconf 86' lang='lat' dir='ltr'>per</span> <span class='ocrx_word' id='word_1_147' title='bbox 489 3295 639 3398; x_wconf 85' lang='lat' dir='ltr'>Feilopii</span> <span class='ocrx_word' id='word_1_148' title='bbox 665 3297 920 3397; x_wconf 79' lang='lat' dir='ltr'>aquaeductum</span> <span class='ocrx_word' id='word_1_149' title='bbox 945 3311 1120 3398; x_wconf 79' lang='lat' dir='ltr'>protractu</span> 
     </span>
     <span class='ocr_line' id='line_1_25' title="bbox 142 3413 1128 3521; baseline 0 -31"><span class='ocrx_word' id='word_1_150' title='bbox 142 3416 407 3520; x_wconf 81' lang='lat' dir='ltr'>huncquoque</span> <span class='ocrx_word' id='word_1_151' title='bbox 446 3417 602 3490; x_wconf 90' lang='lat' dir='ltr'>sublinit.</span> <span class='ocrx_word' id='word_1_152' title='bbox 644 3413 889 3492; x_wconf 82' lang='lat' dir='ltr'>Arachnoidee</span> <span class='ocrx_word' id='word_1_153' title='bbox 927 3444 1012 3493; x_wconf 87' lang='lat' dir='ltr'>vero</span> <span class='ocrx_word' id='word_1_154' title='bbox 1049 3425 1128 3521; x_wconf 82' lang='lat' dir='ltr'>jem</span> 
     </span>
     <span class='ocr_line' id='line_1_26' title="bbox 144 3535 1123 3640; baseline 0.001 -28"><span class='ocrx_word' id='word_1_155' title='bbox 144 3537 429 3640; x_wconf 79' lang='lat' dir='ltr'>protuberantiee</span> <span class='ocrx_word' id='word_1_156' title='bbox 456 3535 619 3631; x_wconf 76' lang='lat' dir='ltr'>enudari,</span> <span class='ocrx_word' id='word_1_157' title='bbox 646 3565 665 3611; x_wconf 82' lang='lat' dir='ltr'>u</span> <span class='ocrx_word' id='word_1_158' title='bbox 691 3565 762 3640; x_wconf 85' lang='lat' dir='ltr'>que</span> <span class='ocrx_word' id='word_1_159' title='bbox 789 3538 898 3612; x_wconf 85' lang='lat' dir='ltr'>distet</span> <span class='ocrx_word' id='word_1_160' title='bbox 922 3551 1035 3612; x_wconf 84' lang='lat' dir='ltr'>tractu</span> <span class='ocrx_word' id='word_1_161' title='bbox 1053 3565 1123 3613; x_wconf 89' lang='lat' dir='ltr'>nou</span> 
     </span>
     <span class='ocr_line' id='line_1_27' title="bbox 148 3658 1128 3762; baseline 0.002 -29"><span class='ocrx_word' id='word_1_162' title='bbox 148 3658 319 3751; x_wconf 85' lang='lat' dir='ltr'>modico,</span> <span class='ocrx_word' id='word_1_163' title='bbox 347 3659 573 3734; x_wconf 83' lang='lat' dir='ltr'>cellularibus</span> <span class='ocrx_word' id='word_1_164' title='bbox 600 3660 671 3734; x_wconf 90' lang='lat' dir='ltr'>filis</span> <span class='ocrx_word' id='word_1_165' title='bbox 710 3659 885 3762; x_wconf 77' lang='lat' dir='ltr'>alligata,</span> <span class='ocrx_word' id='word_1_166' title='bbox 911 3661 1005 3740; x_wconf 82' lang='lat' dir='ltr'>intre</span> <span class='ocrx_word' id='word_1_167' title='bbox 1023 3685 1128 3736; x_wconf 89' lang='lat' dir='ltr'>com-</span> 
     </span>
    </p>
   </div>
   <div class='ocr_carea' id='block_1_4' title="bbox 145 3883 1037 4084">
    <p class='ocr_par' dir='ltr' id='par_1_5' title="bbox 145 3883 1037 4084">
     <span class='ocr_line' id='line_1_28' title="bbox 145 3883 899 3980; baseline -0.034 -3"><span class='ocrx_word' id='word_1_168' title='bbox 145 3893 156 3968; x_wconf 90' lang='grc'>’.</span> <span class='ocrx_word' id='word_1_169' title='bbox 190 3885 241 3976; x_wconf 70' lang='lat' dir='ltr'>(k)</span> <span class='ocrx_word' id='word_1_170' title='bbox 263 3883 346 3955; x_wconf 79' lang='lat' dir='ltr'><strong>Tab·</strong></span> <span class='ocrx_word' id='word_1_171' title='bbox 375 3911 403 3952; x_wconf 87' lang='lat'>1.</span> <span class='ocrx_word' id='word_1_172' title='bbox 428 3889 480 3980; x_wconf 66' lang='lat' dir='ltr'>eg.</span> <span class='ocrx_word' id='word_1_173' title='bbox 509 3913 536 3959; x_wconf 77' lang='grc' dir='ltr'>ι.</span> <span class='ocrx_word' id='word_1_174' title='bbox 563 3885 595 3956; x_wconf 75' lang='lat' dir='ltr'>e.</span> <span class='ocrx_word' id='word_1_175' title='bbox 642 3884 701 3976; x_wconf 77' lang='lat' dir='ltr'>(m)</span> <span class='ocrx_word' id='word_1_176' title='bbox 724 3885 899 3954; x_wconf 62' lang='lat' dir='ltr'>rerum.</span> 
     </span>
     <span class='ocr_line' id='line_1_29' title="bbox 195 3989 1037 4084; baseline -0.014 -22"><span class='ocrx_word' id='word_1_177' title='bbox 195 3993 237 4084; x_wconf 87' lang='lat' dir='ltr'>(t)</span> <span class='ocrx_word' id='word_1_178' title='bbox 259 3993 424 4064; x_wconf 56' lang='lat' dir='ltr'>uirens.</span> <span class='ocrx_word' id='word_1_179' title='bbox 575 3997 576 4000; x_wconf 55' lang='lat'>‘</span> <span class='ocrx_word' id='word_1_180' title='bbox 651 3993 700 4081; x_wconf 77' lang='grc' dir='ltr'>(ιι)</span> <span class='ocrx_word' id='word_1_181' title='bbox 722 3989 805 4063; x_wconf 69' lang='lat' dir='ltr'>ras.</span> <span class='ocrx_word' id='word_1_182' title='bbox 834 4017 862 4060; x_wconf 39' lang='grc' dir='ltr'>με</span> <span class='ocrx_word' id='word_1_183' title='bbox 885 3991 976 4082; x_wconf 59' lang='lat' dir='ltr'>egr,</span> <span class='ocrx_word' id='word_1_184' title='bbox 1001 4015 1037 4060; x_wconf 66' lang='lat'>1...</span> 
     </span>
    </p>
   </div>
   <div class='ocr_carea' id='block_1_5' title="bbox 0 0 1417 4872">
    <p class='ocr_par' dir='ltr' id='par_1_6' title="bbox 0 0 1417 4872">
     <span class='ocr_line' id='line_1_30' title="bbox 0 0 1417 4872; baseline 0 0"><span class='ocrx_word' id='word_1_185' title='bbox 0 0 1417 4872; x_wconf 95' lang='lat' dir='ltr'> </span> 
     </span>
    </p>
   </div>
  </div>
 </body>
</html>
