2760 4874
719 433 860 526 (¹76)

285 589 481 674 litterarum
505 595 647 699 gloria,
674 609 711 672 et
734 609 908 678 vetustate
931 613 1090 680 certare.
1117 603 1190 684 sad
1214 607 1282 686 hoc

287 725 450 790 nostrum
489 715 580 790 adeo
606 739 779 818 magnum
802 770 815 805 ,
841 731 877 792 et
900 717 1109 801 diuturnum
1146 723 1280 802 littera·

283 856 367 916 rum
391 847 666 926 ornamentum,
693 836 726 908 si
750 847 868 914 nostru
910 837 1012 914 nobis
1047 867 1129 918 cara
1163 843 1283 945 gloria
1371 937 1372 946 ἵ

286 949 426 1044 est,s·i
465 977 574 1046 rem,
613 951 869 1056 commodaque
909 969 1026 1032 nnstm
1062 957 1283 1062 diligimus,
1371 995 1372 998 ¹

282 1080 381 1156 tanto
406 1074 531 1173 majori
560 1099 643 1152 cura
668 1075 881 1154 servandum
907 1091 962 1154 est
997 1079 1133 1174 nohis,
1169 1108 1281 1184 quun-

285 1198 326 1290 to
367 1193 505 1294 turpius
544 1191 666 1286 foret,
690 1219 769 1274 rem
793 1197 966 1296 majorum
1006 1211 1141 1298 partam
1182 1201 1282 1276 labo·
1371 1239 1372 1256 π

283 1345 351 1410 re,
378 1329 413 1390 et
436 1313 654 1416 diligentia,
681 1324 717 1388 et
740 1311 849 1390 veluti
875 1338 937 1415 per
961 1341 1087 1392 manus
1127 1317 1175 1392 ad
1215 1345 1277 1396 nos
1371 1329 1372 1396 ἶ

288 1461 429 1516 summo
455 1434 492 1510 in
519 1433 652 1512 honore
675 1431 904 1527 traductam,
932 1460 1004 1538 quo
1031 1452 1193 1539 tempore
1220 1469 1282 1516 au·
1371 1461 1372 1518 ἲ

284 1558 390 1660 geri,
418 1553 552 1630 nedum
577 1554 708 1630 serrari
732 1550 941 1646 debuisset,
987 1569 1103 1632 nostra
1141 1558 1283 1634 incuria
1371 1653 1372 1662 ἵ

284 1676 331 1748 de
355 1676 505 1776 pristino
531 1670 747 1770 splendore,
774 1685 878 1774 utque
918 1672 1092 1774 dignitate
1127 1675 1283 1754 decidis-

209 1873 211 1880 ,
284 1819 353 1868 se.
380 1793 476 1868 Haec
502 1793 669 1892 cogitatio
697 1793 765 1866 nisi
789 1817 853 1866 nos
877 1790 1219 1888 hebeat'sollicitos,
1248 1813 1290 1872 et·
1371 1855 1372 1864 ,

284 1915 395 1992 veluti
418 1913 514 1988 iaces
538 1915 666 2008 nostris
690 1913 817 1990 animis
841 1911 1054 2004 admoveat,
1092 1943 1164 2019 quo
1208 1931 1284 1994 tau·

283 2052 357 2114 tam
381 2037 578 2114 litterarum
604 2035 758 2138 gloriam
782 2035 885 2112 nobis
909 2061 1111 2132 servemus3
1141 2040 1290 2114 omuino
1371 2027 1372 2102 Ϊ

288 2159 395 2236 Cives
421 2175 481 2234 aut
507 2181 651 2234 omnem
675 2156 848 2260 pudorem
875 2156 1121 2258 perdidimus,
1162 2170 1198 2232 et
1224 2186 1286 2259 pu·

280 2281 371 2354 triae
397 2280 609 2369 caritatem,
636 2303 744 2378 quem
769 2279 843 2376 ipsa
877 2277 979 2350 nobis
1015 2275 1143 2357 indidit
1182 2295 1285 2354 nutu·
1371 2287 1372 2378 J

280 2425 348 2492 ra,
387 2399 520 2474 nullom
545 2397 747 2494 habemus,
773 2409 832 2468 aut
857 2421 946 2496 quae
971 2409 1284 2506 arroganter,pu-
1371 2387 1372 2440 l

282 2533 352 2612 to,
380 2520 438 2594 vel
464 2545 529 2620 per
554 2543 730 2596 summam
752 2515 949 2608 invidiam,
968 2515 1157 2592 nonnullae
1183 2530 1284 2594 exte·

278 2661 339 2710 rae
365 2647 487 2739 gentes
512 2637 671 2738 maligne
694 2635 826 2726 nobis,
855 2649 891 2708 et
915 2635 1155 2735 ingratissime
1189 2635 1283 2737 obji-

279 2755 408 2846 ciunt,
436 2755 578 2856 ipsimet
603 2778 685 2830 vera
709 2754 907 2828 faciemus.
935 2757 1047 2854 Ajunt
1087 2757 1185 2833 enim
1212 2755 1284 2830 Ita-

247 2888 252 2905 '
280 2874 365 2969 los,
394 2889 537 2979 gentem
562 2881 634 2977 jam
660 2888 832 2950 terrorum
857 2877 1053 2976 principem
1070 2930 1082 2966 ,
1099 2874 1188 2972 belli
1199 2877 1283 2980 glo·

199 3060 202 3066 ,
274 2998 327 3070 ria
353 3009 624 3098 praestantem,
664 2999 852 3097 supientiae
892 2995 986 3070 sarna
1021 2998 1283 3096 praecipuam,
1371 2981 1372 2988 ἵ

275 3117 378 3205 otio,
404 3132 510 3218 utque
536 3114 621 3192 luxu
648 3131 859 3217 corruptos,
885 3129 947 3190 aut
969 3119 1041 3216 jem
1081 3115 1284 3208 eviluisse,
1371 3199 1372 3222 ,

273 3249 335 3308 ant
361 3236 551 3314 evilescern
592 3239 628 3322 ip
654 3234 762 3314 dies.
790 3235 867 3310 Ubi
893 3247 945 3308 tot
985 3235 1192 3335 sapientes,
1229 3250 1286 3312 tot
1371 3249 1372 3276 ³

100 3339 103 3344 ⁵
195 3443 197 3448 ¹
270 3355 452 3458 praeclara
478 3356 578 3434 fuere
601 3360 767 3449 inventa,
796 3358 856 3432 ubi
881 3368 935 3430 tot
960 3369 1052 3430 artes
1077 3356 1136 3434 rel
1161 3371 1283 3446 natue,

278 3475 336 3552 vel
362 3476 542 3576 perfectae
566 3480 660 3566 sint;
688 3503 771 3552 nam
804 3491 840 3550 et
876 3473 1116 3575 philosophia,
1143 3489 1181 3550 et
1204 3478 1285 3552 elo·
1371 3493 1372 3570 ,

273 3597 450 3697 quentia,
480 3608 515 3668 et
540 3597 687 3686 omnis,
712 3623 803 3697 quaa
837 3606 935 3668 tanto
969 3594 1008 3668 in
1050 3593 1186 3674 honore
1220 3595 1285 3672 ha·

272 3718 405 3802 betur,
432 3720 590 3816 cognitio
610 3767 629 3806 „
647 3717 869 3816 imitatioque
894 3726 1064 3808 naturae,
1091 3715 1207 3792 veluti
1223 3718 1282 3791 in·

276 3831 452 3908 cunabula
476 3837 513 3908 in
539 3850 631 3910 terra
657 3834 758 3910 Iulia
798 3833 946 3924 habuit3
986 3834 1159 3936 populum
1201 3863 1283 3912 esse

276 3953 410 4042 desidia
437 3969 671 4050 enervatum,
699 3958 763 4060 qui
787 3981 934 4039 omnem
958 3959 1109 4060 ingenii,
1137 3985 1289 4038 omnem
