2756 4874
726 381 865 496 tot>

330 563 446 644 stiam
475 576 615 666 practer
636 561 728 640 hanc
765 591 873 642 unam
913 547 1113 638 motionem
1150 565 1291 664 accipere

328 696 486 788 possunt,
512 709 613 761 secus
637 707 679 760 cc
703 685 820 777 siccet,
847 685 877 756 si
902 696 1046 783 septum
1070 698 1145 758 toto
1170 683 1291 759 ambitu

325 831 396 880 non
423 817 513 884 asset
536 802 830 908 circumligatum
846 803 863 903 (
880 830 977 878 snrx
993 801 1022 900 ).
1050 802 1196 880 Canales
1221 829 1303 906 crgo

324 919 601 997 semicircularas
625 919 923 1022 opportunissime
947 922 996 993 ita
1022 917 1178 998 humoris
1201 921 1312 998 resti-t

324 1035 401 1114 tuti
429 1049 565 1122 motum
592 1036 783 1138 dirigunt,
825 1052 865 1112 nt
903 1051 1042 1135 septum
1081 1063 1291 1140 nunquama

323 1169 492 1256 perpetuo
518 1156 676 1230 discedat
700 1154 858 1231 humoris
886 1168 1078 1247 contactu3
1107 1159 1213 1260 cuins
1227 1157 1292 1256 qni·

320 1275 407 1350 dem
423 1276 584 1360 humoris
608 1275 760 1353 efficacia
786 1291 942 1364 cavetur,
957 1303 1002 1350 nc
1017 1278 1105 1352 sicca
1131 1277 1213 1350 tium
1226 1301 1291 1351 ucr-

320 1419 406 1470 vosa
430 1395 490 1470 fita
507 1442 529 1486 ·,
557 1411 593 1470 ct
617 1395 839 1495 perornando
864 1397 1013 1472 tremori
1038 1407 1117 1493 apta
1137 1465 1139 1468 .
1160 1392 1291 1468 reddu-

319 1527 393 1595 tur.
420 1517 539 1608 Quam
564 1518 721 1615 pessime
745 1504 856 1618 igitur
880 1516 948 1590 sibi
961 1533 1088 1582 1⁴1th
1112 1517 1290 1602 consuluis-

280 1725 283 1734 ,
317 1647 403 1725 set,
431 1637 459 1708 si
487 1662 555 1711 non
582 1635 762 1726 humore,
787 1635 849 1712 sod
873 1630 1144 1736 acceptandus,
1172 1650 1210 1718 ut
1226 1631 1289 1710 vul·

317 1756 419 1855 garis
443 1754 561 1853 opinio
593 1755 687 1846 fert,
727 1757 865 1832 fecisset
906 1756 1179 1858 labyrinthum.
1205 1753 1289 1846 Quid

237 1891 238 1894 ’
317 1877 417 1948 onim
442 1875 555 1973 aptius
580 1873 811 1975 persiccandis
836 1879 1041 1977 corporibus
1081 1886 1191 1956 arira:
1214 1873 1288 1979 quid

224 2039 227 2046 -
316 1994 547 2096 perniciosius
573 1996 708 2070 auditui
735 1997 891 2072 siccitate
918 2021 1107 2072 nervorum
1134 1999 1287 2072 acustico·

316 2139 415 2188 rum.
441 2113 537 2188 Haec
562 2119 691 2217 quippe
729 2117 802 2190 sola
835 2119 973 2192 siccitas
1012 2119 1064 2190 uti
1102 2117 1288 2218 disponeret

315 2235 423 2310 fibras
445 2236 634 2312 efficiendis
659 2238 820 2336 pluribus
837 2239 1111 2331 vibrationibus,
1140 2267 1208 2314 uno
1223 2253 1288 2310 tan·

315 2359 396 2428 tum
415 2355 489 2426 ictu
513 2368 685 2455 accepto,
712 2359 760 2430 ita
787 2358 871 2432 alias
897 2371 1001 2460 atque
1026 2359 1113 2432 alias
1156 2361 1287 2458 impres

314 2476 432 2550 siones
457 2475 597 2548 cerebro
631 2479 882 2571 communicari
918 2482 1168 2578 permitteret,
1194 2503 1286 2582 quana

315 2619 404 2694 quae
431 2609 550 2667 exacte
595 2621 766 2670 asouoro
808 2623 955 2698 corpore
995 2599 1283 2699 proficiscuntur.

315 2713 389 2786 Sed
416 2739 502 2814 quac
529 2715 610 2788 inde
636 2719 767 2791 sincera
794 2722 872 2792 soni
898 2721 1095 2823 cujusque,
1122 2723 1286 2798 distincta·

186 2881 188 2884 -
312 2855 391 2931 qua
399 2833 603 2935 perceptio?
615 2825 772 2937 Apparet
787 2861 897 2936 acqua
913 2841 1100 2915 necessitas
1116 2838 1285 2926 cochleae,

315 2953 447 3051 inqua
473 2957 581 3028 sarias
606 2955 816 3038 chordarum
832 2955 1077 3055 parallela'rom
1105 2973 1285 3064 tensarum·-

313 3094 384 3169 qnc
410 3071 577 3170 cymbalo
602 3073 725 3148 similis
751 3076 984 3154 abscondetur
1003 3136 1014 3172 ,
1033 3082 1132 3180 cujus
1154 3083 1190 3154 in
1208 3103 1284 3156 zonr

312 3187 478 3266 cochleae
504 3193 603 3266 sedes
629 3205 708 3286 cst,
736 3199 833 3297 {quaa
858 3197 916 3272 fita
957 3224 1105 3275 nervosa
1132 3230 1152 3289 a
1177 3197 1283 3300 spirali
1350 3199 1351 3288 i

310 3309 439 3404 lamina
465 3329 639 3412 accepts,
667 3329 702 3388 et
721 3317 887 3416 parallpla
914 3321 1075 3394 continet
1103 3319 1283 3423 longitudi-

310 3431 366 3524 nis
394 3431 523 3504 varice·
551 3434 687 3522 Hastam
713 3461 779 3536 ego
805 3437 1021 3528 chordarum
1047 3443 1228 3518 minimam
1251 3443 1283 3522 in

309 3571 420 3622 'zonae
460 3554 597 3653 origiue
633 3582 725 3652 pono
754 3609 764 3644 ‚
802 3585 914 3662 prope
962 3562 1137 3641 orificium
1176 3558 1281 3662 scalas

309 3674 467 3768 tympani
499 3727 510 3764 ,
537 3675 598 3746 ubi
625 3681 820 3756 arctissima
848 3707 936 3756 zona
977 3698 1057 3773 cst,
1100 3686 1281 3759 maximam
1350 3667 1351 3672 ἵ

308 3808 392 3864 soro
417 3819 538 3870 versus
579 3824 689 3882 zonae
723 3799 939 3886 hamulum.
979 3781 1281 3894 Quemadmodum

309 3932 396 4013 9130
422 3914 516 4002 edito
543 3943 630 4004 sono
655 3919 795 4024 aliquo,
821 3926 929 4002 ctiam
955 3928 1053 4019 vocis
1086 3927 1280 4042 humanae³
