2790 4872
538 542 665 646 (xv)

108 711 287 780 accesserat
327 699 421 774 baud
453 701 749 803 praetereundus,
793 703 883 778 vitae
916 704 1088 805 integritas

104 823 262 916 eximia,
288 819 397 896 virtus
426 820 637 920 omnigena,
668 845 752 919 pura
782 820 887 921 proba
922 823 1085 923 Religi03

101 971 193 1046 quae
215 943 282 1020 uisi
304 939 443 1038 adsint,
471 941 627 1044 iniquum
651 955 701 1016 est
725 942 820 1018 scire.
837 943 928 1042 Opes
945 945 1089 1047 quidem

103 1064 200 1140 haud
222 1087 329 1162 parvo
343 1061 411 1137 sibi
420 1061 533 1138 labore
545 1075 656 1162 partas
670 1117 681 1157 ,
694 1089 761 1136 non
776 1076 848 1136 tam
866 1065 907 1137 ad
922 1091 970 1161 se,
990 1093 1092 1168 quam

104 1185 150 1260 ad
175 1181 362 1282 indigentes
385 1182 548 1283 pertinere
580 1179 807 1255 existimabat.
837 1181 975 1256 Constat
1013 1211 1092 1258 sane

103 1305 195 1376 inter
211 1331 285 1398 nos,
302 1306 356 1380 vir
371 1305 475 1404 frugi,
494 1304 556 1405 qui
566 1329 673 1376 assem
688 1302 756 1375 sibi
772 1315 999 1378 trecentorum
1013 1307 1091 1378 mil-

108 1419 201 1496 lium
224 1437 418 1497 nostrorum
443 1433 678 1522 argenteorum
710 1421 956 1516 constituerat,
984 1449 1092 1525 quam

105 1569 208 1642 parce
230 1544 368 1618 vixerit.
396 1541 530 1616 Verum
555 1540 712 1614 novimus
728 1553 761 1612 et
776 1565 835 1614 nos
852 1541 985 1615 nullum
1001 1569 1087 1641 pau·

103 1691 236 1764 penem,
253 1663 381 1738 nuliam
391 1663 558 1738 familiam
575 1662 781 1761 indigentem
796 1663 840 1736 ab
853 1691 893 1738 eo
905 1662 1092 1738 discessisse

103 1789 189 1888 quin
213 1784 482 1886 praesentissima
506 1809 569 1885 ope
593 1786 779 1860 iuvaretur.
807 1785 973 1877 Quotidie
997 1785 1094 1860 domi

104 1933 187 1980 suae
212 1907 382 2004 ingentem
405 1905 653 2003 aegrotantium
688 1909 922 2007 cujuscunque
961 1905 1092 1978 ordinis

101 2051 294 2098 numerum
320 2025 536 2126 excipiebat,
564 2021 729 2128 quicum
766 2027 919 2128 undique
960 2025 1001 2100 tle
1032 2029 1093 2100 sua

102 2145 298 2222 vatetudine
335 2147 521 2222 oonsulturi
559 2147 840 2246 conveniebant:
880 2149 1089 2250 quibuscum

103 2267 198 2342 laud
224 2295 321 2342 secus
344 2269 486 2368 agebat,
515 2298 553 2344 ac
579 2269 607 2341 si
632 2270 783 2368 pretium
808 2267 950 2372 quodvis
975 2295 1090 2343 acon-

108 2385 305 2462 fluentibus.
322 2387 450 2462 latenas
475 2403 559 2462 esset
595 2387 873 2489 amplissimum:
916 2389 1000 2490 quin
1024 2387 1094 2489 pie-

105 2510 224 2609 risque
247 2535 510 2610 saepenumero,
537 2523 575 2584 ut
591 2511 808 2609 praescriptas
821 2512 1010 2585 curationes
1027 2537 1086 2583 su-

106 2631 304 2728 sciperent,
331 2657 408 2704 aere
431 2634 501 2732 ipse'
540 2655 602 2705 suo
644 2629 878 2708 subveniebat.
923 2631 1096 2722 Quamvis

104 2773 234 2840 senex,
271 2761 306 2820 et
342 2775 506 2851 perquam
544 2749 658 2824 multis
694 2749 834 2848 negotiis
868 2749 1046 2825 distractus
1078 2809 1088 2844 ,

106 2893 286 2968 nunquam
311 2868 440 2942 destitit
462 2871 544 2970 quin
570 2867 775 2943 Nosocomia
792 2867 961 2962 inviseret,
981 2871 1092 2946 Ineu-

105 2993 278 3066 rabilem
296 2990 319 3091 (
335 2991 427 3092 quod
451 2989 603 3090 vocant)
629 2990 821 3089 praecipue,
843 2990 871 3062 si
896 2991 974 3090 quis
1009 2991 1096 3066 diiii·

106 3112 181 3184 cilis
206 3137 299 3185 casus
317 3137 481 3211 urgensve
505 3137 603 3185 suam
628 3113 711 3184 sorte
735 3113 959 3211 praesentiam
982 3109 1100 3214 requi-⁸

108 3244 209 3304 roret.
232 3233 305 3306 Nec
323 3232 423 3305 semel
442 3293 452 3328 ,
472 3246 531 3306 aut
549 3233 677 3305 iterum
691 3232 897 3330 pauperibus
912 3233 949 3306 in
967 3259 1007 3307 eo
1023 3235 1096 3308 No-

109 3347 261 3423 socomio
287 3351 534 3449 aegrotantibus
556 3349 656 3425 lintea
682 3349 898 3454 fasciolasque
923 3353 1094 3428 submini-

110 3470 242 3541 stravit.
273 3470 426 3544 Tandem
452 3482 682 3568 testamento,
710 3472 822 3547 locum
838 3475 948 3572 ipsum
973 3473 1089 3550 haere·
1131 3570 1133 3579 Ι
1168 3525 1173 3534 ·

109 3586 191 3660 dem
217 3587 361 3662 amidio
385 3587 427 3660 tx
452 3613 521 3661 asse
547 3591 674 3687 magnis
699 3589 766 3662 sibi
802 3591 975 3666 laboribus
1002 3621 1095 3667 com-

108 3721 226 3804 parato
249 3764 258 3800 ,
284 3708 420 3810 reliquit
439 3735 450 3798 ;
478 3688 572 3810 quasi
591 3709 747 3784 debitum
772 3709 822 3782 ini
846 3710 1016 3787 exsolvens
1030 3741 1093 3787 un-

109 3828 153 3900 de
177 3827 335 3904 uberiora
362 3829 582 3902 institutionis
596 3831 802 3906 incrementa
819 3831 1034 3906 desumserat.

212 3949 281 4024 Sed
304 3953 375 4049 jam
401 3950 480 4024 inde
504 3949 548 4022 ab
585 3979 673 4025 anno
717 3957 812 4028 1818
851 3955 934 4026 tanti
966 3953 1097 4026 labores

105 4073 282 4148 sanitatem
299 4072 374 4146 eius
388 4071 471 4147 adeo
488 4070 737 4172 labefactarunt,
755 4087 793 4148 ut
803 4073 1002 4175 hemiplegia
1017 4101 1090 4148 cor.
