2756 4874
540 443 677 538 (ιη)

194 607 339 687 LXXI.
368 609 441 692 Sed
465 610 594 688 eodem
609 610 766 716 stapedis
781 610 933 714 impulsu
954 609 1089 688 lrunru·

100 730 148 804 ris
188 731 359 807 vestibuli
398 761 478 835 pure
501 761 564 836 per
600 735 765 811 vestibuli
798 733 929 808 sculum
972 733 1087 808 turtur

103 851 121 952 (
145 877 265 930 xnvrr
288 907 301 944 ,
328 881 400 956 urv
430 857 476 958 )‚
501 882 694 958 zonamque
734 855 898 930 cochleae
940 854 1084 956 agitat.

100 971 194 1047 Cum
217 1001 304 1050 vero
330 962 433 1078 plena
457 989 534 1050 tota
558 974 645 1050 lreec
661 975 755 1048 scala
782 975 850 1060 sit,
869 997 981 1073 neque
996 971 1084 1048 hare

98 1093 236 1186 ruodo,
263 1096 325 1170 sed
351 1109 386 1169 et
409 1096 518 1172 simul
543 1097 636 1172 scala
671 1096 859 1198 tympani,
896 1118 986 1196 quae
1009 1091 1085 1170 duo

96 1212 224 1288 tubum
250 1214 404 1290 referunt
427 1219 777 1308 communicantem
806 1233 844 1290 ut
883 1243 947 1317 per
985 1218 1086 1298 illam

97 1349 283 1412 moveatur
306 1336 466 1430 humor,
493 1351 656 1438 oportet,
683 1351 723 1412 ut
748 1340 877 1414 eadem
917 1340 1085 1436 ratione,

98 1481 168 1558 qua
194 1457 240 1530 ab
263 1459 400 1534 orificio
424 1461 536 1536 scalae
568 1461 734 1537 vestibuli
773 1461 865 1534 intra
905 1459 1086 1540 cochleam

98 1577 334 1683 provehitur,
361 1581 400 1655 in
423 1582 560 1658 orificio
586 1581 699 1656 scalae
723 1583 882 1682 tympani
901 1583 1004 1658 cedat
1018 1581 1084 1658 hu·

99 1722 176 1786 mor
202 1700 239 1772 iu
265 1713 545 1794 cruententur,
575 1704 783 1802 noviterque
810 1701 1086 1778 advenienlilo·

98 1845 183 1894 cum
207 1819 322 1897 saciat.
349 1821 428 1898 Hoc
452 1835 572 1898 autem
607 1823 782 1896 orificium
822 1823 979 1923 petulum
1016 1851 1088 1900 uon

101 1954 185 2035 est,
229 1967 294 2037 uec
322 1967 396 2018 eree
437 1945 583 2046 potuit,
610 1969 694 2019 cum
718 1943 817 2018 locus
843 1971 911 2018 nou
937 1949 1008 2036 sit,
1047 1948 1087 2022 iu

98 2089 168 2164 quo
196 2064 330 2166 absque
355 2063 494 2141 auditur
517 2063 734 2140 detrimento
750 2069 919 2168 potuisset
942 2068 1085 2168 aperiri.

99 2183 197 2264 Nam
222 2185 253 2258 si
278 2187 367 2260 intra
393 2183 609 2263 vestibulum
634 2209 775 2286 quoque
801 2199 963 2285 poteret,
990 2212 1088 2288 prer-

101 2326 160 2376 rus
185 2331 208 2378 a
234 2305 379 2405 stupede
405 2305 422 2406 (
445 2305 612 2406 xxm)
651 2304 817 2380 vestibuli
856 2305 983 2380 homor
1020 2333 1086 2405 per

97 2425 292 2528 tympani,
319 2423 558 2525 vestibulique
583 2422 695 2498 scalae
720 2423 851 2500 orificio
876 2440 1017 2529 urgeret
1042 2431 1090 2503 si·

99 2547 203 2622 mul:
228 2572 292 2647 per
316 2559 481 2622 neutrum
505 2571 591 2623 voro
618 2547 713 2632 virne
739 2545 929 2620 sibilucere
953 2563 1085 2650 posset:

98 2665 401 2769 quemadmodem
426 2668 454 2742 ri
481 2664 653 2740 ambobus
691 2666 835 2740 orificiis
871 2667 949 2742 tubi
980 2693 1088 2777 'com-

97 2787 312 2861 municantis
336 2813 425 2887 aqua
452 2783 552 2886 pleni
576 2784 762 2860 adhibetur
796 2787 950 2888 aequalis
988 2813 1089 2890 pres·

99 2909 186 2997 rio,
215 2933 305 3008 aqua
331 2904 461 2982 nullibi
486 2905 653 3006 emergit.
680 2904 805 3006 Neque
829 2919 969 3006 poterat
993 2911 1088 2982 intre

97 3027 472 3128 tympanicavitatem
496 3029 648 3128 operiri,
676 3054 779 3128 aqua
804 3031 877 3102 adri
903 3029 1017 3104 facilis
1033 3054 1088 3103 cs·

96 3144 310 3224 retruditur.
337 3147 471 3223 Clausit
496 3149 608 3250 igitur
633 3183 761 3230 rrrrurr
789 3149 902 3225 scalae
928 3151 1087 3251 tympani

101 3269 309 3358 orificium,
338 3281 374 3344 et
402 3271 538 3344 exitum
565 3273 720 3343 conteuti
744 3271 902 3344 humoris
942 3293 1006 3372 per
1032 3295 1089 3342 cr·

100 3389 251 3478 nalem,
278 3391 352 3465 sive
377 3390 638 3492 aquaeductum
665 3394 867 3489 procuravit
891 3390 937 3463 ab
959 3413 1000 3463 ea
1016 3415 1090 3470 scor

98 3512 136 3586 la
162 3509 209 3584 ad
234 3509 404 3587 calvariae
429 3537 559 3587 cavum
585 3509 870 3586 descendentem.

201 3631 362 3706 LXXII.
390 3629 521 3723 Quaeri
558 3645 674 3706 autem
708 3649 911 3736 opportune
949 3647 1088 3738 potest,

101 3781 168 3830 cur
194 3752 231 3826 iu
257 3752 326 3827 hoc
352 3751 464 3826 scalae
489 3753 649 3852 tympani
676 3753 747 3826 tine
773 3777 906 3845 cacco,
932 3753 1090 3828 foramen

97 3872 311 3950 membrana
329 3883 469 3948 tectum
491 3910 619 3955 mm
642 3878 821 3972 posuerit,
859 3899 972 3974 neque
1005 3899 1090 3948 con·

98 3994 202 4068 tiuuo
227 4017 305 4070 orso
329 3991 422 4074 huuc
446 3995 555 4074 linem
592 3993 849 4096 compleverit.
878 3995 986 4094 Cujus
1011 3993 1089 4094 qui·
