2790 4872
573 489 696 592 (¹¹)

142 667 243 734 mure
265 687 371 762 quem
394 663 601 738 disserebat:
631 687 666 738 et
690 659 733 738 do
756 669 829 766 ipm
852 661 1031 739 certiorem
1046 665 1126 746 lecit

142 781 309 879 collegam
331 809 435 856 suum
462 781 505 861 V
500 789 635 861 ι’νειιιίο
660 781 755 857 brevi
777 784 930 881 epistola.
977 785 979 793 '

237 897 306 970 Tot
331 922 511 1000 tantosque
535 903 665 976 labores
703 900 897 974 Cotunuius
936 901 1127 994 perferebat

142 1011 231 1084 dum
253 1015 324 1084 acri
347 1015 530 1088 sedulitate
552 1015 743 1090 medicinae
766 1017 935 1112 practicae
959 1037 1021 1108 per
1060 1014 1128 1086 do-

143 1151 241 1216 mos,
264 1151 304 1199 ac
327 1127 481 1224 plateae,
505 1149 539 1202 et
564 1132 753 1202 nosocomia
787 1152 926 1224 operam
950 1127 1056 1198 daret.
1080 1126 1131 1198 ll·
1174 1117 1188 1142 ⁸

143 1237 213 1308 lius
236 1241 331 1312 enim
354 1241 521 1314 desiderio
546 1263 722 1338 tantopere
744 1239 935 1335 flagrabant
953 1259 1131 1333 aegrotan-

143 1373 213 1439 tes,
237 1375 279 1426 ut
302 1379 347 1426 ne
371 1381 462 1428 unus
487 1355 631 1452 quidem
654 1375 739 1428 esset
762 1356 824 1450 qui
842 1355 937 1424 ‘tanti
961 1353 1026 1422 viri
1045 1377 1128 1422 sen-

143 1472 286 1542 tentiam
310 1471 354 1542 de
377 1471 497 1544 morbo
521 1497 592 1568 quo
614 1469 851 1554 adficiebatur,
877 1494 946 1538 non
971 1471 1125 1568 impense
1185 1535 1187 1542 .

140 1583 380 1678 expostularet.
405 1585 453 1654 Et
477 1583 628 1714 prolecto
651 1609 739 1713 quae
763 1582 937 1678 optimum
952 1582 1127 1652 medicum

138 1701 372 1787 constituunt,
386 1701 471 1770 eaiu
487 1702 603 1794 ipsoo
584 1702 697 1770 omnia
720 1701 867 1816 maxime
890 1697 989 1768 reful
980 1701 1126 1796 gzebant

143 1811 259 1884 vultus
284 1813 453 1926 quidem,
481 1813 687 1916 habitusque
726 1801 818 1906 oiis,
859 1815 1122 1912 graviS,1nini-

142 1957 200 2002 me
226 1942 341 2022 tamen
377 1959 541 2022 severus3
569 1931 739 2032 singularis
776 1932 819 2005 ad
849 1936 1123 2032 persuadendum

143 2023 491 2174 consolandumque,
518 2066 596 2124 tum
621 2065 878 2151 aegrotantem,
913 2067 990 2128 tum
1024 2055 1128 2152 ipsius

148 2170 344 2260 familiam,
371 2161 450 2244 tirm
486 2185 655 2274 quotquot
692 2173 918 2266 adstitissent,
964 2178 1123 2252 orationis

146 2291 555 2390 suavites3p1udentia,
585 2319 671 2396 quae
704 2278 894 2403 medicum
920 2293 1096 2407 ultique
1088 2323 1123 2403 m

140 2412 259 2512 primis
285 2413 531 2505 commendat,
558 2414 858 2512 praestantissima,
887 2439 1023 2488 summa
1044 2443 1127 2490 cum

141 2535 300 2632 dignitate
325 2533 411 2607 boue
447 2537 661 2632 composite3
689 2537 836 2628 veritaS,
881 2535 992 2629 fides,
1036 2538 1125 2612 nulla

144 2681 285 2752 prorsus
310 2658 343 2728 in
370 2681 425 2728 eos
451 2658 511 2756 qui
537 2680 605 2726 sese
631 2653 840 2728 consulerent
864 2655 996 2726 techna.
1017 2638 1121 2746 'Quid

144 2777 277 2849 mirum
304 2780 489 2850 sitantum
517 2803 676 2868 nomen,
704 2788 738 2847 rt
762 2787 893 2848 tautum
919 2781 969 2850 sui
997 2777 1125 2852 deside-

141 2899 241 2994 rium,
266 2898 545 2996 comparaverit?
584 2923 644 2970 nec
671 2895 774 2968 modo
807 2898 891 2968 intra
933 2897 1026 2971 urbis
1062 2927 1121 2972 uo-

142 3028 230 3088 strae
272 3017 475 3109 ambitum,
504 3043 564 3092 uec
594 3017 677 3108 citra
720 3017 810 3112 regui
850 3015 958 3102 fines,·
1002 3043 1124 3091 verum

143 3163 349 3238 quacunque
373 3137 471 3212 bouis
495 3136 623 3210 artibus
648 3135 784 3236 habitus
809 3135 1033 3235 honorpatet.
1050 3139 1120 3212 Ne-

142 3285 210 3358 que
235 3257 412 3356 Neapolim
438 3260 618 3356 quisquem
643 3254 757 3328 adibat
794 3282 835 3328 er
862 3258 981 3328 exteris
1019 3261 1124 3354 genti-

138 3378 220 3470 bus,
239 3381 299 3480 qui
326 3380 538 3472 Cotuauium
562 3402 759 3476 cognoscere
776 3404 842 3450 uon
860 3392 1046 3478 quaereret,
1067 3393 1123 3476 et,

142 3502 168 3570 si
195 3525 248 3570 res
273 3525 333 3570 sua
358 3496 560 3594 postularet,
588 3525 659 3570 nou
681 3495 890 3570 consuleret.
919 3499 992 3574 Nec
1025 3527 1121 3608 prae-

141 3631 192 3688 ter
224 3643 299 3689 rem
335 3617 434 3690 fuerit
470 3617 524 3690 hic
560 3617 645 3688 inter
687 3629 831 3692 caeteros
868 3644 1119 3693 commemora·

141 3763 179 3808 re
204 3734 427 3810 clarissimum
466 3735 603 3827 Tissot,
631 3737 690 3836 qui
716 3735 820 3810 donec
845 3735 985 3836 Neapoli
1018 3741 1113 3836 egit,

127 3839 357 3930 'Cotunniurn
398 3853 551 3950 crebro,
586 3869 619 3926 et
643 3854 725 3928 vidit
766 3869 800 3928 et
823 3857 1016 3928 admiratus·
1040 3873 1119 3931 est.

143 3977 339 4078 Quumque
371 3977 399 4050 is
424 4005 442 4048 ιι
466 3977 594 4076 Regina
622 3982 732 4051 trustra
762 3977 815 4048 M.
845 3975 1025 4048 Cinomnt
1050 3978 1124 4050 Au-
