2790 4872
151 767 1138 878 rumsedcurisplurimisdistentnsquumidperficere
1248 710 1252 719 1
1384 865 1385 900 ἶ

136 915 220 992 1ιὶοι
239 890 428 988 potuisset3
462 889 544 966 dans
567 891 697 968 tabulas
733 891 834 969 incidi
855 897 1018 989 πυκινὴ,
1046 919 1133 998 quan

153 1007 305 1106 ejusdem
321 1011 414 1085 nervi
431 1005 613 1109 uliginem,
629 1033 838 1112 progressum
859 1057 870 1109 5
889 1014 990 1089 linem
1003 1069 1012 1109 ‚
1027 1043 1065 1088 ac
1080 1041 1137 1087 ne-

151 1153 234 1200 xum
247 1153 307 1226 per
331 1155 433 1229 qnam
456 1127 598 1204 fideliter
610 1146 833 1230 exponerent:
849 1157 969 1236 easque
985 1133 1134 1208 celeber·-

153 1249 247 1322 rimis
259 1250 443 1350 inssuopo
466 1251 688 1344 anatomicis,
708 1267 740 1325 et
757 1256 930 1356 praecipue
950 1257 1137 1354 Morgagno

153 1369 242 1442 misit
250 1396 263 1457 ,·
282 1397 301 1443 a
318 1366 441 1471 quibus
452 1399 521 1448 non
533 1397 652 1473 parum
666 1372 772 1448 laudu
788 1373 989 1476 adsequutus
1005 1391 1066 1448 est.
1087 1373 1133 1447 At

154 1504 325 1588 nunquam
343 1491 378 1564 in
393 1505 562 1590 posterum
574 1493 724 1568 tractatio
745 1493 829 1570 haec
849 1551 859 1586 ‚
879 1519 965 1595 quae
990 1491 1137 1593 praecla-

153 1606 282 1684 rissima
306 1611 415 1685 lutura
440 1612 573 1695 suerat,
600 1617 636 1690 in
659 1614 770 1690 lucem
794 1615 939 1716 prodiit;
966 1613 1071 1710 licet,
1101 1629 1138 1690 ul

154 1728 224 1827 ipse
255 1735 456 1832 profitetur,
483 1735 653 1813 editurum
676 1763 711 1810 se
737 1735 831 1810 illam
857 1750 1015 1836 sperasset
1039 1735 1135 1838 paul-

153 1847 186 1924 lo
209 1867 398 1956 postquam
415 1853 540 1956 publici
552 1860 632 1958 juris
648 1857 773 1932 fecisset
791 1855 851 1931 De
868 1851 1040 1932 ischiada
1057 1887 1140 1932 ner·
1159 1843 1163 1852 ⁵

153 2000 242 2047 unsa
257 1975 508 2073 schediasma,
525 1979 617 2080 quod
629 2003 716 2053 anuo
734 1976 829 2079 1764
842 1979 1015 2076 praestitit.
1034 1977 1136 2050 Nunc

153 2091 270 2167 libenti
295 2123 373 2171 sane
398 2099 509 2174 auimo
526 2083 722 2174 denunciare
737 2097 1009 2196 possumusinter
1036 2097 1141 2170 inedi-

153 2227 203 2286 tas
227 2218 298 2288 eius
313 2219 521 2292 tractationes
542 2217 627 2292 hanc
651 2221 732 2290 item
758 2214 947 2309 adservari,
975 2243 1079 2317 quam
1104 2231 1137 2290 et

153 2334 278 2434 publici
294 2341 373 2412 iuris
390 2338 581 2440 propediem
597 2338 703 2412 facere
716 2341 850 2414 animus
865 2337 959 2412 nobis
976 2346 1039 2412 est.

257 2456 390 2532 Eodem
418 2483 509 2534 anno
525 2458 696 2557 superiore
714 2455 835 2552 1564,
862 2471 1025 2556 grassante
1050 2457 1141 2531 Nea·

153 2575 222 2672 poli
240 2576 433 2675 epidemico·
451 2576 593 2672 morbo,
629 2575 778 2675 inhujus
793 2578 917 2650 caussis
941 2574 1140 2672 investigan-

155 2691 239 2784 dis,
267 2694 414 2771 sedulam
448 2695 643 2772 industriam
673 2693 813 2788 locavit,
840 2694 1054 2794 ejusdemque
1078 2719 1137 2768 cu·-

153 2813 252 2886 randi
276 2815 487 2892 rationibus:
512 2816 619 2919 deque
636 2813 699 2888 lure
712 2839 749 2886 re
777 2813 823 2890 ad
849 2812 1046 2888 Saroonium
1071 2813 1144 2912 epi-
1223 2899 1232 2916 ⁶

154 2932 275 3008 stolam
298 2936 420 3030 dedit,
457 2963 560 3040 quam
586 2933 692 3034 legere
732 2949 781 3008 est
822 2933 867 3006 ad
889 2933 1017 3010 calcem
1049 2935 1142 3008 aurei

155 3066 312 3128 tractatus
329 3058 385 3154 qui
411 3055 533 3152 prodiit
556 3056 733 3154 impressus
745 3050 887 3152 Neapoli
909 3077 1001 3126 anno
1027 3052 1142 3152 1765,

155 3172 211 3245 eui
235 3172 349 3251 titrdus
372 3173 485 3252 Delia
510 3174 653 3252 Febore
676 3171 911 3272 Epidemicar

257 3289 476 3366 schediasma
498 3293 572 3394 ejus
593 3293 654 3368 De
668 3295 848 3366 ischiada
874 3315 1051 3388 nervosa,
1075 3295 1135 3367 vix

154 3412 313 3510 primum
337 3411 478 3512 abipso
501 3410 644 3508 Neapoli
668 3412 762 3512 typis
776 3407 993 3496 mandatum,
1009 3413 1145 3506 pmdiit.

156 3527 285 3598 iterum
318 3551 484 3600 excusum
516 3526 709 3614 Bpnorriae,
740 3525 921 3620 Venedis,
954 3525 1142 3599 Vindobo-

157 3667 230 3728 nae,
256 3640 530 3730 amstelodami,
550 3643 733 3716 Londini:
755 3639 907 3738 adeoque
931 3667 1043 3714 unum
1076 3638 1142 3711 hoc

50 3799 54 3812 ι
157 3756 288 3852 ingenii
311 3758 485 3850 specimen
509 3759 633 3832 exteris
668 3757 864 3844 nationibus
899 3757 978 3828 novi
1012 3754 1142 3828 Medici

161 3869 371 3968 neapolitani
395 3889 522 3944 nornen
550 3871 782 3954 obnuntiavit.
816 3863 938 3970 lutiae
961 3897 1051 3942 anne
1075 3874 1138 3942 in*

160 3985 318 4082 sequenti
344 3985 450 4080 1766,
474 4012 588 4088 quum
602 3988 666 4062 iter
689 4011 752 4088 per
775 3985 910 4067 Italiam
933 3988 1150 4086 smcepisset,
