2756 4874
737 443 881 534 (1²4)

303 605 419 696 rimae
445 613 568 702 parte,
594 629 662 702 qua
688 603 746 678 hic
770 607 981 678 terminatur
1017 607 1290 704 aquaeductus,

309 737 446 824 potens.
474 723 530 796 Eo
556 739 675 798 autem
700 727 745 796 ab
770 725 974 816 foramine,
1017 751 1080 824 per
1120 727 1288 805 laminam
1364 725 1365 818 l

310 845 518 916 exteriorem
542 842 651 916 durae
677 845 827 936 matris,
867 846 1042 942 parietem
1078 853 1287 924 acutiorem
1364 829 1365 894 l

312 963 472 1036 caritatis
497 964 746 1038 membranaue
771 964 1010 1062 aquaeductus
1024 968 1213 1059 vestibuli,
1244 969 1290 1044 h·

309 1083 462 1173 cieotis,
490 1082 692 1172 insinuata,
720 1081 921 1168 descemlit,
948 1082 1054 1183 ioque
1084 1090 1290 1182 proximum
1364 1145 1365 1150 η

306 1201 486 1278 lateralem
511 1201 628 1274 sinum
652 1204 817 1299 aperitur.
860 1209 975 1303 Saepe
1000 1231 1082 1278 cum
1117 1229 1197 1278 eam
1236 1233 1291 1278 ca-

306 1329 410 1399 veum
436 1322 600 1396 vestibuli
636 1321 873 1420 aquaeductus
900 1321 1096 1420 aperirem,
1124 1321 1289 1397 laminam
1364 1311 1365 1342 ³

306 1453 446 1514 tantum
482 1441 653 1514 internam
688 1437 799 1512 durae
833 1440 955 1512 matris
992 1439 1208 1532 incidendo,
1252 1447 1287 1518 in
1364 1421 1365 1440 ἶ

305 1559 428 1634 relicto
455 1561 610 1650 lamina,
638 1560 847 1636 exteriorem
876 1585 1006 1634 caveae
1033 1565 1203 1660 parietem
1225 1567 1290 1638 ossi
1364 1611 1365 1614 =

306 1683 539 1781 proximum,
565 1693 802 1779 contegente,
830 1681 1054 1780 venaehujns
1079 1669 1290 1760 descensura

306 1803 561 1876 animadverti.
589 1803 749 1875 Arteriae
791 1825 877 1874 veru
905 1857 916 1891 ,
942 1828 1034 1905 quae
1074 1785 1290 1882 vestitutum
1364 1807 1365 1810 ’

306 1924 439 1996 intrant
462 1922 478 2020 (
498 1949 587 1996 mr
617 1924 635 2022 )
660 1946 848 2002 neruorum
889 1923 1034 2000 ductum
1062 1941 1288 2025 sequuntur,

306 2069 441 2145 perque
467 2045 642 2118 canalium
667 2044 894 2139 superficiem
917 2058 1050 2141 repunt
1074 2044 1127 2116 ah'
1149 2069 1230 2118 osse
1243 2045 1295 2118 di·
1364 2097 1365 2102 κ

304 2166 481 2251 stinctae3
512 2189 601 2238 uuus
626 2175 804 2248 attamen,
841 2163 902 2262 qui
942 2161 1122 2238 cochleam
1161 2163 1288 2244 codem

303 2309 351 2356 ex
375 2291 522 2372 trunco,
550 2308 666 2356 ramus
692 2282 792 2372 adit,
818 2284 950 2382 quique
965 2285 1121 2362 maxime
1132 2281 1290 2356 foramen

304 2417 401 2476 tenet
425 2402 519 2476 axim
543 2401 690 2479 modioli
714 2427 947 2500 percurrens,
975 2425 1038 2474 suo
1079 2403 1116 2472 in
1144 2402 1289 2474 transitu

301 2523 458 2600 ramulos
483 2523 572 2609 dat,
598 2525 660 2622 qui
686 2550 748 2624 per
787 2521 1013 2606 intervallum
1054 2522 1281 2596 lamellarum

299 2641 456 2718 laminae.
478 2644 614 2742 spiralis
638 2647 769 2722 intrant
795 2644 962 2719 cochleae
980 2669 1130 2726 ¹zonam.
1160 2645 1289 2744 Neque

293 2768 375 2862 ejus
400 2765 596 2860 superiores
620 2763 736 2842 ultimi
762 2764 885 2856 rami,
924 2765 986 2864 qui
1025 2787 1088 2860 per
1130 2763 1287 2836 infundi-
1364 2769 1365 2778 ’

299 2879 427 2956 hulam
446 2881 700 2985 disperguntur
726 2881 815 2982 (o),
847 2883 937 2956 nudi
964 2881 1139 2981 liberique
1163 2883 1290 2968 decur-

214 3027 220 3036 ’
299 3013 417 3089 runt,
443 3002 508 3076 sed
531 3005 623 3074 inter
648 3001 735 3076 ossis
768 3000 1031 3088 infundibulum
1055 3001 1214 3074 facientis
1236 3000 1286 3073 la-

303 3120 426 3200 mellas
452 3120 734 3221 progredihntur.

404 3239 619 3324 LXXXIV.
647 3242 766 3314 Peuce
791 3255 872 3316 sunt
900 3243 939 3314 in
962 3242 1063 3332 fetu,
1108 3267 1202 3346 quae
1227 3257 1286 3316 aut

300 3355 346 3430 de
371 3357 537 3432 cochleae
563 3359 798 3459 aquaeductu
827 3374 887 3432 aut
912 3365 956 3432 de
973 3361 1166 3460 labyrinthi
1192 3365 1287 3438 vasis

289 3491 483 3566 merentur
507 3481 694 3554 recenseri.
723 3474 765 3550 ln
792 3480 860 3554 hoc
887 3503 986 3583 ergo,
1015 3485 1120 3581 janua
1145 3495 1281 3556 arcuata

304 3593 483 3668 inferioris
509 3597 635 3670 orificii
659 3595 825 3674 cochleae
864 3602 1129 3700 aquaeductus,
1156 3599 1287 3690 rudis,

713 3805 893 3828 nunnae——

350 3954 396 4042 (0)
419 3943 502 4018 Τὼ·
530 3975 560 4018 1·
585 3953 637 4044 fin·
662 3975 695 4044 7·
720 3977 752 4018 0·
