2756 4874
532 471 670 562 (ωε)

108 654 147 714 et
173 643 384 741 incompleta
414 657 557 744 apparet
582 641 672 740 (p),
714 663 829 740 neque
871 643 1092 724 aenicrnatta

110 789 233 836 osseus
249 764 279 834 ei
294 765 485 834 continuus
511 760 615 834 valde
644 759 855 858 conspicuus
873 775 936 834 est.
958 765 1098 836 Brevis·

112 883 223 954 simus
250 897 302 954 est
328 884 459 978 pariter
484 879 747 981 aquaeductus,
765 880 961 954 necmiuus
986 907 1098 982 angu-

111 1012 202 1074 stus.
233 1000 408 1076 Foramen
428 1013 543 1071 autem
560 1023 668 1071 venae
685 996 848 1073 vestibuli
867 999 1004 1096 (xxxxi
1018 1027 1030 1075 t
1045 1002 1094 1100 r),

111 1121 210 1222 quod
236 1123 347 1194 rimae
375 1120 577 1218 adjunctum
604 1133 682 1210 cst,
712 1119 819 1219 longe
845 1123 1017 1217 patentius
1058 1123 1095 1195 in

111 1241 184 1314 fetu
211 1241 416 1316 observatur
453 1241 541 1340 (q).
570 1239 677 1313 Bruta
705 1267 818 1328 vero,
863 1255 898 1311 et
938 1243 1098 1316 maxime

110 1363 366 1464 quadrupeda,
395 1362 525 1462 quihus
551 1361 790 1462 aquaeductus
831 1362 996 1436 vestibuli
1034 1361 1097 1436 de·

112 1495 263 1583 negatus
290 1505 357 1553 non
385 1493 465 1567 est,
497 1479 569 1551 hoc
595 1477 760 1550 cochleae
775 1505 916 1580 quoque
942 1479 1098 1580 gaudent

112 1600 363 1702 aquaeductu:
392 1601 491 1698 cujus
529 1600 686 1697 superius
723 1597 897 1670 orificium
935 1597 1022 1672 adeo
1060 1598 1096 1672 in

112 1720 167 1793 tis
195 1737 316 1819 patens
343 1731 420 1804 est,
450 1731 488 1790 ut
513 1718 633 1792 mirari
660 1743 726 1790 non
741 1716 928 1808 desinam,
950 1719 986 1790 in
1003 1743 1096 1817 equo

112 1842 342 1942 praesertim,
371 1853 405 1911 et
431 1839 549 1925 boue,
581 1838 800 1940 peramplum
828 1837 1092 1914 infundibulum

110 1963 145 2032 in
177 1957 273 2059 quud
298 1971 497 2031 excavatur.
527 1957 678 2030 Videtur
694 1960 730 2030 iu
744 1957 799 2031 his
817 1971 934 2032 tamen
956 1979 1096 2049 aarum,

113 2081 213 2180 quod
240 2081 377 2152 orificio
403 2077 600 2153 detraxerat
624 2079 789 2152 vestibuli
831 2081 1095 2178 aquaeductus,

111 2199 195 2272 lruic
221 2199 385 2272 cochleae
412 2196 649 2298 aquaeductui
674 2195 895 2289 reddidisse,
919 2211 956 2272 ut
972 2224 1097 2300 quem-

115 2315 307 2392 admodum
335 2321 371 2390 in
400 2318 482 2402 hia,
510 2320 665 2418 angustis
692 2318 926 2392 existentibus
967 2321 1098 2394 canali-

114 2437 183 2508 bus
209 2435 525 2511 semicircularibus
543 2493 554 2530 ,
582 2451 773 2540 augustum
791 2438 958 2512 vestibuli
971 2463 1100 2540 aquae·

114 2557 242 2631 ductus
267 2570 320 2630 est
345 2559 551 2649 orificium,
580 2561 630 2631 sic
669 2553 860 2657 peramplis
900 2558 999 2634 lactis
1036 2587 1095 2634 co-

115 2680 236 2755 chleee
263 2679 391 2769 scalis,
418 2681 490 2779 ejus
517 2680 758 2780 aquaeductus
784 2684 885 2780 origo
927 2682 1101 2783 amplissi-

117 2831 175 2878 ma
201 2817 417 2904 suppeteret.
446 2807 502 2876 An
529 2801 609 2876 ideo
638 2818 825 2904 augustum
850 2803 1011 2893 homini,
1039 2833 1100 2906 pa-

114 2927 248 2999 tentius
273 2925 561 3024 quadrupedibus
579 2923 646 2998 hoc
667 2924 917 3024 aquaeductus
935 2925 1101 3000 cochleae

115 3043 291 3118 orificium
320 3043 438 3116 datum
462 3059 544 3133 est,
574 3047 656 3142 quia
681 3057 814 3116 tremor
858 3044 1019 3120 clasticae
1054 3046 1105 3118 la-

114 3169 232 3239 minae
259 3165 424 3262 spinalis,
452 3177 486 3237 et
512 3164 648 3241 latioris
690 3191 796 3238 zonae
844 3167 1026 3255 cochleae,
1053 3171 1101 3242 ita

115 3282 309 3380 percellunt
334 3283 447 3356 scalae
471 3285 634 3383 tympani
660 3282 853 3358 humorem
879 3287 916 3358 in
942 3286 1101 3380 humine,

116 3416 156 3474 ut
182 3403 248 3474 nisi
274 3418 423 3506 augusto
450 3401 623 3476 foramine
652 3401 899 3504 aquaeductus
925 3411 1107 3499 oriretur,

116 3523 220 3595 anicu
246 3523 317 3596 ictu
342 3523 495 3620 stapedis
524 3525 650 3596 humor
675 3525 819 3597 excerni
852 3541 968 3623 posset
994 3528 1106 3599 alum-

115 3641 368 3736 dantissimus3
396 3645 430 3716 in
458 3645 571 3718 brutis
598 3670 683 3718 veru
704 3656 851 3743 propter
876 3669 1011 3720 osseam
1036 3647 1103 3720 du·

118 3765 361 3866 sissimamque
386 3765 537 3840 laminae
572 3767 708 3866 spiralis
723 3766 906 3853 indolem,
934 3769 1099 3845 nimiam·¹

516 3921 696 3940 —*

160 4013 209 4106 tr)
235 4011 321 4080 Tu.
349 4039 376 4080 ι.
401 4013 455 4106 ng.
480 4013 513 4098 r.
536 4009 588 4081 u.
677 4014 726 4104 (q)
750 4011 828 4082 uu.
852 4010 886 4078 t.
