2756 4874
742 461 881 554 <nrt

348 644 367 687 θ
424 632 639 720 LXXVIII.
670 631 884 704 Producitur
910 641 1026 703 temen
1054 632 1253 708 intrahunc
1270 658 1302 705 s·

321 753 555 860 quaeductnm
578 752 665 826 dura
694 767 806 824 mater
832 754 908 834 ita,
937 765 988 837 nt,
1015 752 1099 826 dum
1128 753 1302 854 aquaedu-

322 890 419 949 ctum
445 875 585 964 indnit,
613 872 856 945 sernicanalern
885 875 915 943 ei
928 874 1137 956 continuum
1173 875 1303 973 (uxr)

216 977 217 982 ἵ
325 991 443 1093 aliqua
485 1007 582 1094 parte
624 1007 816 1092 sequntur.
860 991 908 1062 Et
949 990 979 1063 si
1022 992 1156 1092 integra
1193 995 1304 1091 persi·

324 1126 435 1186 stente
474 1114 606 1186 interna
651 1113 820 1184 'calcariae
845 1109 948 1200 basi,
987 1093 1148 1210 dumque'
1190 1111 1304 1185 adlmc

207 1305 213 1317 ,
322 1246 434 1304 matre
459 1229 602 1315 induta,
635 1231 723 1304 intra
749 1229 842 1302 hrrnc
868 1231 1153 1329 prospexerimus
1178 1255 1305 1331 aquae·

327 1349 503 1440 ductum,
535 1352 848 1438 tulurmconicum
875 1373 1099 1449 vacuumque
1128 1349 1224 1422 liunc
1252 1377 1306 1422 re·

320 1467 411 1543 serre
436 1471 731 1560 observabimus,
774 1475 873 1569 cirins
914 1471 1183 1568 angustissimus
1227 1471 1306 1542 linis

320 1590 413 1662 'viam
455 1591 622 1664 cochleae·
642 1595 751 1666 tenet.
780 1595 819 1664 ln
848 1591 914 1664 hoc
940 1603 1128 1690 prospecta
1162 1616 1228 1690 per
1253 1591 1306 1662 in·

318 1709 425 1784 serius
465 1712 700 1812 aquaeductus
747 1713 920 1784 arilicium
968 1711 1304 1808 vulpinam‘setam

319 1835 521 1931 saepissime
548 1829 790 1920 immisimus,
821 1859 926 1932 quarn
944 1831 1142 1930 gratissimo
1169 1847 1305 1931 specta·

114 1985 127 2010 r
209 1939 212 1945 ¹
236 1970 239 1975 ’
320 1951 407 2027 culn
425 1955 514 2028 intra
538 1955 701 2054 tympani
729 1953 855 2028 scalam
872 1951 1071 2028 invenimus
1090 1965 1301 2052 penetrasse.

316 2073 396 2147 Jmo
422 2073 557 2148 fistulae
586 2069 790 2148 Anellianae
817 2071 980 2146 tribulum
1006 2074 1042 2144 in
1063 2078 1302 2175 angustiorem

220 2267 223 2274 ,
317 2218 430 2293 usque
455 2193 660 2266 intrusimus
685 2191 922 2293 aquaeductus
956 2208 1122 2290 partem,
1151 2208 1187 2267 et
1211 2219 1305 2268 mer·

316 2313 452 2384 cnrirrm
479 2313 693 2410 injecimus,
721 2315 782 2412 qui
809 2315 857 2384 ita
883 2314 973 2384 intra
988 2313 1166 2387 cochleam
1195 2338 1303 2413 pene-

316 2432 446 2520 travit,
475 2444 516 2501 ut
539 2431 697 2530 tympani
724 2429 958 2530 vestibulique
976 2430 1106 2504 scalam
1131 2430 1303 2529 impleve-

315 2552 391 2638 rit,
418 2551 526 2650 inqne
554 2548 799 2640 vestibulum,
827 2549 1035 2648 canalesque
1060 2546 1298 2650 penetraverit

313 2668 602 2740 semicirculares.
631 2667 706 2743 Nec
731 2695 887 2770 unquam
914 2668 1041 2742 melius
1074 2670 1218 2769 proprio
1260 2670 1298 2740 in

315 2793 383 2861 situ
410 2814 533 2863 zonam
563 2792 774 2864 exsiccatam
816 2781 1034 2880 observavi,
1073 2817 1180 2892 quam
1218 2790 1299 2877 nbi,

313 2908 444 3006 injecto
472 2924 572 2982 antea
600 2937 660 3010 per
688 2911 781 2984 hunc
809 2913 1066 3012 aquaeductum
1091 2909 1296 2993 mercuria,

314 3029 494 3105 cochleam
521 3032 709 3132 replente,
738 3059 822 3106 aona
847 3031 961 3107 luerat
988 3033 1158 3105 exsiccata
1178 3085 1187 3102 .
1209 3031 1300 3102 Con·

313 3165 503 3241 traxero,
531 3155 561 3224 ¹si
585 3180 644 3253 per
666 3154 824 3251 superius
848 3150 1087 3253 aquaeductus
1122 3149 1297 3224 orificium

313 3288 383 3349 seta
411 3274 646 3364 immittitur,
673 3287 853 3373 penetrare
875 3271 1102 3371 ¹aliquando,
1138 3271 1154 3368 (
1182 3295 1296 3369 neque

314 3394 470 3469 enimin
498 3397 691 3483 dumibus,
718 3409 776 3467 aut
801 3420 910 3494 aeque
936 3407 1032 3493 patet
1058 3416 1101 3463 eo
1144 3392 1183 3464 in
1218 3393 1294 3464 loco

317 3515 588 3618 aquaeductus,
614 3529 672 3588 ant
698 3541 809 3616 aeque
836 3527 947 3588 setam
974 3512 1176 3613 admittit),
1204 3541 1292 3588 nun·

311 3663 417 3740 qnam
443 3663 554 3728 vern,
597 3653 740 3737 propter
775 3639 931 3711 conicum
975 3647 1068 3706 setae
1112 3636 1291 3734 figuram,

311 3781 451 3832 omnem
477 3757 715 3859 aquaeductus
740 3753 995 3856 longitudinem
1012 3779 1216 3856 percurrere
1232 3753 1292 3827 ob·

241 3935 245 3942 -
310 3895 475 3958 servatur.

408 3998 590 4074 LXXIX.
619 3999 687 4074 Est
712 4024 773 4072 cnr
797 3998 835 4070 in
863 3996 932 4071 hoc
969 3987 1088 4074 tamen
1120 3996 1203 4071 loco
1229 3997 1294 4072 mi·
