2760 4874
684 453 823 558 (ηδ)

265 626 399 700 scimur
422 623 518 698 enim
544 623 664 698 estimo
689 649 828 710 vacuo,
854 619 915 694 sed
940 643 1060 692 rerum
1096 615 1263 692 scientiae

264 743 400 835 avido,
427 747 650 844 maximeque
676 747 818 842 capaci;
860 756 895 814 at
936 763 1098 838 prorsum
1136 742 1261 812 neseio

263 887 372 961 quam
396 860 557 934 difficiles*
578 883 761 949 accessus,
789 875 825 934 et
850 860 1041 934 laboriosos
1056 882 1175 932 rerum
1201 883 1263 933 ve·

265 979 350 1052 ritas
374 975 514 1052 habeut.
541 979 664 1080 Itaque
689 983 783 1055 ritae
808 976 906 1056 velut
930 990 1104 1050 certamen
1131 977 1264 1049 intrau-

264 1096 318 1185 ti,
347 1098 414 1169 nisi
440 1099 593 1172 monitor
617 1097 739 1188 adsit,
764 1098 828 1198 qni
851 1093 1056 1194 Epicharmi
1091 1093 1182 1167 iltud
1207 1095 1263 1166 in-

268 1217 414 1328 sinuet,
441 1243 585 1299 nervos
611 1235 728 1322 atque
754 1235 861 1292 artus
885 1219 1099 1313 sapientiae
1140 1239 1254 1304 esse,

271 1363 350 1412 non
375 1355 513 1412 temere
546 1340 730 1431 eredere,
757 1339 972 1413 multarunt
1011 1337 1092 1430 itti,
1136 1337 1265 1410 erroris

267 1453 413 1530 latebris
437 1457 638 1556 implicito,
665 1456 810 1534 adversa
836 1455 974 1530 serenda
995 1455 1112 1530 .Nem
1138 1453 1264 1526 huma-

267 1599 335 1646 nus
361 1577 498 1648 animus
524 1576 618 1650 caelo
644 1575 835 1675 delapsus,
863 1575 958 1660 hnc,
985 1597 1055 1673 quo
1079 1585 1266 1670 receptus,

267 1678 492 1792 inclususque
517 1705 597 1784 est,
623 1693 809 1766 animantis
836 1689 1038 1775 consertio,
1066 1686 1163 1762 velut
1198 1713 1265 1762 ,ne-

268 1807 351 1884 bula
378 1813 530 1914 quadam
555 1813 791 1888 circumdatus
816 1867 828 1904 ,
870 1833 1013 1886 cernere
1052 1810 1267 1898 veritatem,

267 1936 334 2006 nisi
360 1959 492 2035 magno
518 1947 670 2025 conatu,
698 1959 896 2036 magnaque
922 1934 1049 2006 virtute
1074 1929 1266 2021 adhibita,
1366 1999 1367 2006 ,

270 2081 342 2128 non
368 2071 512 2156 potest.
532 2055 698 2130 Veritatis
725 2056 822 2128 enim
846 2055 1004 2130 inventio
1030 2077 1101 2125 nun
1125 2063 1266 2151 specta-
1366 2083 1367 2104 r

252 2177 347 2270 ¹culo
373 2203 519 2266 rerum,
548 2175 610 2250 sed
634 2176 743 2250 animi
769 2175 900 2276 judicio
927 2186 1064 2248 coastat
1089 2199 1100 2261 ;
1126 2185 1162 2245 et
1199 2173 1270 2245 uisi
1366 2245 1367 2252 p

267 2298 404 2370 animus
429 2297 615 2396 diligenter
640 2294 822 2382 attendat,
849 2307 884 2367 et
909 2293 1027 2366 omnin
1053 2290 1098 2364 ad
1141 2288 1261 2364 calcu·

266 2409 345 2486 lum
370 2428 562 2513 opportuna
591 2416 806 2512 perspiciat,
832 2411 1002 2512 judicium
1028 2411 1137 2498 fieri,
1165 2423 1202 2481 et
1220 2406 1269 2480 de

272 2534 420 2605 veritate
447 2538 579 2604 ‘rerum
616 2546 773 2606 constare
805 2558 874 2606 nun
917 2544 1059 2630 potest.
1098 2529 1267 2603 Attentin
1366 2531 1367 2536 ’

272 2664 391 2723 autem
416 2652 655 2748 operosissima
681 2653 815 2741 enimn,
827 2665 863 2724 et
888 2647 993 2751 longe
1019 2648 1182 2722 omnium
1199 2647 1271 2720 dif-

269 2770 432 2844 ficillima
456 2774 546 2844 ectio
572 2784 624 2844 est
641 2765 763 2861 ;‘nam
789 2797 906 2846 secum
935 2770 1068 2842 habitet
1092 2783 1267 2870 oportet,

269 2913 360 2986 pene
384 2887 429 2958 ab
456 2892 549 2962 omni
575 2891 749 2987 sejunctus
774 2891 960 2962 animantis
977 2890 1165 2976 consortio,
1194 2913 1271 2986 qun
1366 2927 1367 2964 a

275 3022 372 3082 tento
398 3011 495 3107 operi
520 3024 633 3085 vacet.
663 3010 850 3109 Repugnat
877 3035 1016 3082 necesse
1042 3022 1095 3080 est
1119 3005 1269 3084 sibime-

271 3129 388 3226 tipsi,
417 3129 662 3230 abstrait-atque
689 3155 726 3201 se
765 3128 810 3200 de
848 3129 1048 3200 animantis·
1081 3153 1270 3226 corpore,
1366 3149 1367 3198 t

272 3229 421 3349 quicum
447 3253 558 3324 amica
598 3237 781 3324 concordia
808 3271 946 3344 semper
999 3248 1121 3320 stetit:
1165 3248 1274 3350 idque
1366 3283 1367 3348 p

277 3367 437 3456 sineri,
466 3368 539 3439 sine
565 3369 693 3441 virtute
720 3368 891 3438 fieriuon
918 3379 1060 3462 putest;
1094 3393 1187 3442 nam
1225 3393 1267 3442 ea
1366 3369 1367 3458 i

276 3487 514 3582 adversantur,
544 3512 632 3585 quae
658 3503 729 3560 non
754 3486 858 3560 facile
884 3487 953 3558 sint
980 3483 1177 3559 vincenda.
1197 3487 1272 3560 ad·

277 3622 435 3684 versatur
460 3608 643 3682 assuetudo
670 3635 751 3682 cnm
792 3606 950 3683 sensibus
990 3610 1280 3705 gratameuti,

281 3733 338 3804 cui
367 3733 482 3804 omnis
523 3730 715 3820 scientiae,
755 3756 862 3829 quarn
895 3721 1093 3825 *tantopere
1122 3734 1276 3833 expetit,

281 3849 516 3948 iustrumenta
541 3864 653 3966 sapt,
691 3861 730 3927 et
765 3875 915 3950 (priorum
956 3849 1069 3922 officio
1111 3875 1277 3951 maguam
1366 3933 1367 3966 p

281 3984 402 4060 natura
430 3969 621 4074 voluptatis
656 3969 921 4080 perceptionem
953 3968 1147 4066 anncpuits
1191 3982 1280 4068 puto
