2790 4872
702 491 822 594 (Π)

259 635 317 724 Et
348 634 541 755 quamvis
572 631 678 750 Ejus
709 632 912 754 opuscula
942 631 1057 750 apud
1089 653 1255 721 nostra·

207 819 211 829 1
258 795 321 860 tes
353 795 395 862 et
417 795 575 866 exteros
608 772 763 888 pluries
796 766 909 861 edita
924 771 1032 886 sint3
1058 768 1167 860 adeo
1191 792 1255 858 ta·

257 949 353 1008 tuen
390 947 478 1003 rara
524 945 641 1001 nune
670 936 770 1001 sunt
791 941 933 1000 eorum
967 913 1253 1034 exemplaria,

255 1079 303 1139 ut
334 1053 639 1172 velquantovis
670 1075 804 1169 prauo
819 1047 1073 1172 perdifficilis
1104 1053 1164 1138 sit
1177 1083 1253 1140 eo·

258 1226 352 1280 runt
396 1193 631 1313 acquisitio,

380 1315 524 1444 Quo
513 1333 642 1446 igitur
684 1330 784 1418 huie
830 1349 1038 1418 extremae
1081 1325 1253 1444 inopiae

255 1476 399 1594 aliqua
430 1474 589 1560 ratione
621 1470 878 1588 consulatur,
910 1492 953 1558 et
969 1469 1141 1589 publico
1174 1467 1253 1556 de-

257 1609 410 1700 siderio
441 1613 538 1698 satis
560 1607 678 1752 fiat,
712 1644 762 1699 ea
793 1608 932 1701 denuo
962 1609 1251 1730 Neapolitanis

253 1752 368 1866 typis
400 1719 661 1844 commiltere
692 1757 835 1866 statui,
868 1785 917 1842 ac
948 1749 1127 1850 mendis,
1143 1781 1252 1869 quae

255 1893 302 1976 in
335 1890 434 1980 alias
465 1889 725 1980 editiones
713 1915 997 2012 irrepserant,
1029 1913 1249 2010 purgata,

127 2038 129 2045 '
254 2031 351 2120 luce
402 2032 670 2150 elegantiore¹
706 2033 991 2149 perfundere.
1045 2028 1117 2119 Ad
1147 2035 1250 2118 haec

252 2170 470 2260 ‘sollicitus
502 2176 645 2259 curavi
673 2193 719 2258 ut
759 2170 1007 2288 diligenter,
1042 2194 1085 2259 et
1114 2157 1249 2256 nitide

258 2311 400 2396 icones
432 2308 487 2396 ad
516 2313 604 2426 ipsa
626 2316 879 2426 pertinentes
905 2343 1002 2400 aere
1033 2309 1252 2435 caelaren·

254 2471 359 2534 tur.¹
404 2445 463 2534 Et
509 2481 561 2536 ne
600 2451 703 2568 quid
750 2448 974 2542 desiderari
1019 2452 1152 2569 possit
1197 2435 1253 2536 ad

254 2593 383 2704 hujus
429 2579 566 2706 operis
595 2587 781 2678 absoluti
821 2591 1156 2708 perfectionem,
1192 2591 1247 2677 ol.

118 2839 121 2846 Ι
256 2732 456 2815 Auctoris
487 2729 690 2844 elogium,
703 2754 756 2838 „et
776 2728 1003 2849 quidquid,
1027 2730 1125 2817 licet
1155 2759 1252 2846 par·

257 2899 312 2956 va
344 2871 396 2955 sit
426 2871 685 2986 suppellex,
717 2899 768 2957 ex
799 2872 987 2988 ejusdem
1034 2868 1246 2990 aliquibus

266 3007 479 3099 schedulis
512 3011 704 3125 colligere
750 3016 927 3130 carptim
958 3003 1123 3129 potui,
1178 3047 1251 3100 ea·

261 3151 360 3237 ‹lern
380 3150 584 3239 methodo
613 3145 774 3265 addidi,
797 3181 923 3270 quam
953 3157 1043 3320 ipse
1063 3151 1172 3238 inter
1188 3155 1251 3238 vi·

261 3321 337 3377 vos
360 3312 523 3380 secutus
546 3291 640 3377 luit.

258 3496 261 3502 -
351 3433 467 3518 Haec
490 3429 750 3520 commoda
738 3466 781 3520 rn
796 3438 904 3520 hanc
926 3432 1150 3523 editionem
1174 3471 1251 3526 cu·

263 3573 424 3666 mulata
455 3555 611 3662 certam
637 3577 741 3661 mihi
776 3572 880 3662 dant
908 3605 1025 3696 spem
1057 3579 1250 3692 publicae

259 3715 319 3801 rei
332 3714 518 3799 utilitati
539 3735 617 3824 ‚et
641 3700 870 3803 valetudini
892 3743 978 3800 non
1010 3716 1098 3802 sine
1124 3719 1251 3833 gratia

253 3884 331 3939 nne
379 3777 696 3970 prospedturum
732 3847 744 3938 .’
794 3847 926 3963 Quod
955 3875 1004 3942 ut
1051 3855 1251 3944 lirmio'ri·

139 4011 143 4016 ’
210 4099 212 4104 ,
260 3993 341 4080 bus
364 3999 613 4110 argumentis
636 3987 996 4118 assequi'possim,
1028 3997 1250 4118 hujusmo-
