2756 4874
729 426 850 519 (⁷¹)-

285 596 449 676 cottum
473 587 682 687 deseendit,
709 597 922 705 vacuitatem
947 590 1062 694 replet
1099 596 1136 670 iu
1172 610 1271 674 anta·

283 704 369 793 riori
395 741 500 795 cavea
526 730 664 804 natam,
690 737 754 820 pet
778 714 1022 819 expulsionem
1048 717 1211 795 humoris
1228 741 1274 796 ex
1363 709 1364 714 ¹

284 842 401 916 oanali
426 855 568 915 externo
585 837 668 939 (xor
681 839 733 940 r),
748 851 907 939 tempore
926 835 1149 938 impulsionis
1163 841 1270 939 septi.

285 954 382 1032 Haec
407 959 516 1060 igitur
540 955 824 1058 frequentissime
850 957 896 1032 do
922 984 985 1032 suo
1000 961 1166 1036 resarciet
1181 957 1276 1035 liano

285 1074 445 1152 humoris
470 1081 654 1174 jacturam.
681 1073 753 1150 sed
778 1101 849 1151 nou
888 1079 977 1150 tanti·
1017 1077 1145 1154 humor
1185 1097 1272 1173 est,

190 1243 192 1246 -
285 1223 357 1272 uon
377 1195 493 1274 modo
519 1199 733 1274 anteriorem
758 1200 945 1300 superioris
969 1203 1100 1276 canalis
1135 1217 1276 1303 partem

178 1355 180 1360 ·
283 1318 468 1420 implens,
494 1318 556 1392 sed
582 1333 617 1392 et
641 1329 757 1394 totum
783 1318 927 1394 omnino
944 1320 1104 1394 canalem
1121 1373 1135 1410 ,
1150 1335 1189 1399 ut
1203 1321 1277 1394 fre-

282 1452 451 1542 quentem
476 1439 565 1516 odeo
591 1439 804 1517 refusionem
829 1442 904 1514 siue
942 1441 1123 1522 celerrimo
1161 1446 1278 1543 possit

284 1559 513 1638 evacuatione
539 1561 723 1634 sustinete.
751 1557 848 1632 ilinc
875 1585 968 1660 noro
1009 1574 1087 1636 nato
1123 1563 1278 1637 uecessi-

283 1691 371 1768 tas,
396 1694 539 1778 propter
564 1706 673 1782 quam
697 1713 853 1770 struit,
875 1675 983 1762 ,huuc
1007 1678 1166 1754 canalem
1190 1707 1278 1754 cou-
1363 1731 1364 1734 ,

204 1790 208 1798 ’
280 1801 383 1884 tiuuo
409 1825 546 1874 servare
571 1802 718 1902 plenum
743 1815 864 1878 coacta
899 1799 1092 1902 (autri),
1127 1802 1277 1902 singulis

282 1921 446 2015 uicibus,
474 1922 603 2024 quibus
629 1923 687 2002 hic
712 1925 848 2024 aliquid
876 1926 1041 2000 auteriori
1069 1948 1196 1998 caveae
1216 1951 1276 2000 re-

283 2041 431 2130 fundit,
460 2042 640 2143 perditum
667 2045 698 2117 ei
725 2060 873 2146 cogatur
898 2043 1081 2134 resarcire.

384 2165 508 2240 XLV.
536 2166 630 2242 Huic
656 2166 856 2244 necessitati
900 2167 1047 2264 egregie
1086 2159 1277 2262 provisum

285 2305 339 2364 est
364 2288 585 2386 superiorem
624 2288 783 2364 canalem
822 2287 1010 2386 posteriori
1052 2289 1281 2360 extremitate

283 2408 448 2510 (xuvr),
476 2409 566 2484 intra
592 2410 757 2485 vestibuli
782 2435 925 2486 caveam
949 2409 1183 2510 posteriorem
1227 2408 1282 2482 iu·

279 2527 458 2618 seteod03
486 2529 595 2628 inque
621 2553 663 2602 eo
690 2530 895 2628 praesertim
921 2527 1000 2604 loco
1027 2529 1126 2630 quod
1152 2542 1276 2627 poste-

282 2651 370 2726 riori
394 2647 585 2750 respondet
610 2649 762 2749 stapadis
788 2661 951 2724 extremo
977 2649 1099 2747 (vir).
1119 2647 1275 2743 Quando

287 2769 421 2852 etenim
446 2783 562 2871 stupes
584 2770 680 2848 iutro
704 2761 923 2846 vestibulum
956 2765 1104 2868 pulsus,
1144 2795 1282 2870 aquam

283 2889 489 2988 posterioris
515 2911 643 2964 caveae
668 2887 862 2988 propellit,
907 2889 974 2962 etsi
998 2889 1155 2964 maxime
1181 2905 1281 2966 ante·

283 3013 381 3086 riora
408 3035 530 3088 versus
554 3025 710 3114 urgeat,
739 3010 821 3112 quio
848 3023 966 3084 tamen
992 3010 1163 3086 humores
1190 3014 1282 3090 dum

283 3130 465 3232 pelluntur
491 3154 616 3206 versus
642 3157 787 3208 omnem
813 3130 958 3232 plagam
983 3133 1119 3206 moveri
1137 3155 1285 3208 neeesse

286 3265 362 3339 est,
390 3277 431 3324 ea
455 3279 546 3354 aqua
573 3277 695 3330 vmsus
720 3273 867 3326 omnem
903 3251 1113 3348 posterioris
1149 3263 1282 3328 careae

284 3370 461 3444 ambitum
486 3385 669 3446 movetur.
700 3370 859 3446 Ubinam
887 3393 973 3469 ergo
1000 3370 1066 3450 sibi
1106 3371 1283 3472 effugium

250 3539 252 3542 -
285 3502 461 3594 quaeret,
488 3493 555 3566 nisi
579 3517 642 3591 per
666 3517 704 3564 ea
730 3489 926 3580 foramina,
954 3514 1045 3588 quae
1070 3491 1107 3561 in
1133 3488 1197 3562 illa
1216 3517 1280 3566 ce·

285 3617 395 3690 vitate
422 3625 539 3712 aperta
565 3627 644 3688 suut
668 3611 837 3716 (xxv1)?
863 3609 934 3684 Per
960 3611 1137 3692 orificium
1161 3612 1278 3712 igitur

286 3735 414 3812 canalis
440 3737 640 3810 communis
660 3791 671 3826 ,
699 3759 763 3834 por
780 3732 964 3833 proprium
982 3732 1194 3830 posteriora,
1212 3759 1280 3833 per

284 3858 463 3958 posterius
489 3855 626 3932 externi
643 3911 654 3948 ,
669 3881 731 3956 per
760 3855 937 3930 orificium
962 3851 1077 3934 scalae
1103 3857 1284 3955 tympani,

288 4005 379 4084 puae
404 3979 477 4056 solt
504 3981 541 4054 iu
568 3977 624 4056 illa
653 3985 775 4079 patent
791 4028 802 4070 ,
821 3974 1007 4064 conabitur
1025 3976 1172 4086 irruere.
1189 3974 1286 4054 Haec
