<?xml version="1.0" encoding="UTF-8"?>
<!DOCTYPE html PUBLIC "-//W3C//DTD XHTML 1.0 Transitional//EN"
    "http://www.w3.org/TR/xhtml1/DTD/xhtml1-transitional.dtd">
<html xmlns="http://www.w3.org/1999/xhtml" xml:lang="en" lang="en">
 <head>
  <title>
</title>
<meta http-equiv="Content-Type" content="text/html;charset=utf-8" />
  <meta name='ocr-system' content='tesseract 3.04.00' />
  <meta name='ocr-capabilities' content='ocr_page ocr_carea ocr_par ocr_line ocrx_word'/>
</head>
<body>
  <div class='ocr_page' id='page_1' title='image "./opusculamedica01cotugoog_0159.png"; bbox 0 0 2756 4874; ppageno 0'>
   <div class='ocr_carea' id='block_1_1' title="bbox 719 433 858 524">
    <p class='ocr_par' dir='ltr' id='par_1_1' title="bbox 719 433 858 524">
     <span class='ocr_line' id='line_1_1' title="bbox 719 433 858 524; baseline -0.029 0"><span class='ocrx_word' id='word_1_1' title='bbox 719 433 858 524; x_wconf 64' lang='grc' dir='ltr'><strong>(ωε)</strong></span> 
     </span>
    </p>
   </div>
   <div class='ocr_carea' id='block_1_2' title="bbox 245 603 1367 3707">
    <p class='ocr_par' dir='ltr' id='par_1_2' title="bbox 245 603 1367 1788">
     <span class='ocr_line' id='line_1_2' title="bbox 303 603 1295 717; baseline -0.013 -28"><span class='ocrx_word' id='word_1_2' title='bbox 303 639 416 717; x_wconf 82' lang='lat' dir='ltr'><strong>usque</strong></span> <span class='ocrx_word' id='word_1_3' title='bbox 439 633 619 687; x_wconf 77' lang='lat' dir='ltr'><strong>ramorum</strong></span> <span class='ocrx_word' id='word_1_4' title='bbox 644 605 816 706; x_wconf 81' lang='lat' dir='ltr'><strong>originem</strong></span> <span class='ocrx_word' id='word_1_5' title='bbox 842 603 951 678; x_wconf 87' lang='lat' dir='ltr'><strong>libere</strong></span> <span class='ocrx_word' id='word_1_6' title='bbox 977 603 1119 676; x_wconf 84' lang='lat' dir='ltr'><strong>intruso</strong></span> <span class='ocrx_word' id='word_1_7' title='bbox 1145 629 1295 704; x_wconf 81' lang='lat' dir='ltr'><strong>progre-</strong></span> 
     </span>
     <span class='ocr_line' id='line_1_3' title="bbox 302 726 1300 822; baseline -0.011 -13"><span class='ocrx_word' id='word_1_8' title='bbox 302 735 344 822; x_wconf 81' lang='lat' dir='ltr'><strong>di</strong></span> <span class='ocrx_word' id='word_1_9' title='bbox 369 735 465 808; x_wconf 81' lang='lat' dir='ltr'><strong>sinit.</strong></span> <span class='ocrx_word' id='word_1_10' title='bbox 485 732 618 804; x_wconf 82' lang='lat' dir='ltr'><strong>Sinum</strong></span> <span class='ocrx_word' id='word_1_11' title='bbox 648 729 791 802; x_wconf 84' lang='lat' dir='ltr'><strong>tandem</strong></span> <span class='ocrx_word' id='word_1_12' title='bbox 820 733 1032 800; x_wconf 74' lang='lat' dir='ltr'><strong>crusticam</strong></span> <span class='ocrx_word' id='word_1_13' title='bbox 1060 726 1188 798; x_wconf 81' lang='lat' dir='ltr'><strong>canalis</strong></span> <span class='ocrx_word' id='word_1_14' title='bbox 1216 751 1300 798; x_wconf 85' lang='lat' dir='ltr'><strong>ner·</strong></span> 
     </span>
     <span class='ocr_line' id='line_1_4' title="bbox 310 844 1299 929; baseline -0.015 0"><span class='ocrx_word' id='word_1_15' title='bbox 310 881 436 929; x_wconf 85' lang='lat' dir='ltr'><strong>vorum</strong></span> <span class='ocrx_word' id='word_1_16' title='bbox 461 853 657 926; x_wconf 86' lang='lat' dir='ltr'><strong>communis</strong></span> <span class='ocrx_word' id='word_1_17' title='bbox 684 847 853 921; x_wconf 87' lang='lat' dir='ltr'><strong>eontinet.</strong></span> <span class='ocrx_word' id='word_1_18' title='bbox 883 847 931 920; x_wconf 88' lang='lat' dir='ltr'><strong>Hi</strong></span> <span class='ocrx_word' id='word_1_19' title='bbox 958 869 1079 918; x_wconf 86' lang='lat' dir='ltr'><strong>ornnes</strong></span> <span class='ocrx_word' id='word_1_20' title='bbox 1105 844 1214 918; x_wconf 87' lang='lat' dir='ltr'><strong>veluti</strong></span> <span class='ocrx_word' id='word_1_21' title='bbox 1242 847 1299 915; x_wconf 88' lang='lat' dir='ltr'><strong>in-</strong></span> 
     </span>
     <span class='ocr_line' id='line_1_5' title="bbox 267 963 1299 1072; baseline -0.009 -23"><span class='ocrx_word' id='word_1_22' title='bbox 267 963 270 974; x_wconf 50' lang='grc'><strong>’</strong></span> <span class='ocrx_word' id='word_1_23' title='bbox 311 991 370 1049; x_wconf 77' lang='lat' dir='ltr'><strong>tra</strong></span> <span class='ocrx_word' id='word_1_24' title='bbox 393 975 569 1072; x_wconf 76' lang='lat' dir='ltr'>vaginas,</span> <span class='ocrx_word' id='word_1_25' title='bbox 595 997 660 1072; x_wconf 85' lang='lat' dir='ltr'><strong>pro</strong></span> <span class='ocrx_word' id='word_1_26' title='bbox 688 993 904 1054; x_wconf 83' lang='lat' dir='ltr'><strong>nervorum,</strong></span> <span class='ocrx_word' id='word_1_27' title='bbox 930 993 1019 1067; x_wconf 89' lang='lat' dir='ltr'><strong>quos</strong></span> <span class='ocrx_word' id='word_1_28' title='bbox 1045 965 1180 1040; x_wconf 84' lang='lat' dir='ltr'><strong>ducunt</strong></span> <span class='ocrx_word' id='word_1_29' title='bbox 1206 985 1299 1040; x_wconf 79' lang='lat' dir='ltr'><strong>cras·</strong></span> 
     </span>
     <span class='ocr_line' id='line_1_6' title="bbox 303 1085 1299 1194; baseline -0.01 -26"><span class='ocrx_word' id='word_1_30' title='bbox 303 1095 394 1168; x_wconf 77' lang='lat' dir='ltr'><strong>sitie</strong></span> <span class='ocrx_word' id='word_1_31' title='bbox 419 1093 607 1194; x_wconf 82' lang='lat' dir='ltr'><strong>ampliores</strong></span> <span class='ocrx_word' id='word_1_32' title='bbox 626 1115 648 1180; x_wconf 65' lang='lat'><strong>‚¹</strong></span> <span class='ocrx_word' id='word_1_33' title='bbox 665 1113 789 1163; x_wconf 80' lang='lat' dir='ltr'><strong>neruos</strong></span> <span class='ocrx_word' id='word_1_34' title='bbox 815 1085 993 1158; x_wconf 79' lang='lat' dir='ltr'><strong>continent</strong></span> <span class='ocrx_word' id='word_1_35' title='bbox 1011 1139 1021 1173; x_wconf 85' lang='lat'>‚</span> <span class='ocrx_word' id='word_1_36' title='bbox 1040 1087 1101 1184; x_wconf 89' lang='lat' dir='ltr'><strong>qui</strong></span> <span class='ocrx_word' id='word_1_37' title='bbox 1127 1098 1299 1183; x_wconf 87' lang='lat' dir='ltr'><strong>perpetuo</strong></span> 
     </span>
     <span class='ocr_line' id='line_1_7' title="bbox 245 1204 1301 1315; baseline -0.012 -26"><span class='ocrx_word' id='word_1_38' title='bbox 245 1292 254 1312; x_wconf 42' lang='grc' dir='ltr'><strong><em>Ι</em></strong></span> <span class='ocrx_word' id='word_1_39' title='bbox 308 1238 440 1315; x_wconf 80' lang='lat' dir='ltr'><strong>vapore</strong></span> <span class='ocrx_word' id='word_1_40' title='bbox 464 1213 681 1310; x_wconf 82' lang='lat' dir='ltr'><strong>perfluuntur</strong></span> <span class='ocrx_word' id='word_1_41' title='bbox 713 1207 888 1282; x_wconf 85' lang='lat' dir='ltr'><strong>calvariae</strong></span> <span class='ocrx_word' id='word_1_42' title='bbox 913 1208 1001 1282; x_wconf 81' lang='lat' dir='ltr'><strong>cari.</strong></span> <span class='ocrx_word' id='word_1_43' title='bbox 1029 1204 1086 1277; x_wconf 89' lang='lat' dir='ltr'><strong>Ne</strong></span> <span class='ocrx_word' id='word_1_44' title='bbox 1107 1231 1193 1304; x_wconf 59' lang='lat' dir='ltr'><strong>uero</strong></span> <span class='ocrx_word' id='word_1_45' title='bbox 1220 1231 1301 1278; x_wconf 91' lang='lat' dir='ltr'><strong>cre·</strong></span> 
     </span>
     <span class='ocr_line' id='line_1_8' title="bbox 308 1327 1299 1430; baseline -0.007 -21"><span class='ocrx_word' id='word_1_46' title='bbox 308 1349 422 1410; x_wconf 83' lang='lat' dir='ltr'><strong>sceret</strong></span> <span class='ocrx_word' id='word_1_47' title='bbox 446 1359 555 1430; x_wconf 82' lang='lat' dir='ltr'><strong>vapor</strong></span> <span class='ocrx_word' id='word_1_48' title='bbox 581 1331 660 1420; x_wconf 85' lang='lat' dir='ltr'><strong>bic,</strong></span> <span class='ocrx_word' id='word_1_49' title='bbox 695 1328 933 1429; x_wconf 88' lang='lat' dir='ltr'><strong>collectusque</strong></span> <span class='ocrx_word' id='word_1_50' title='bbox 949 1327 1123 1418; x_wconf 83' lang='lat' dir='ltr'><strong>officeret,</strong></span> <span class='ocrx_word' id='word_1_51' title='bbox 1143 1328 1299 1428; x_wconf 88' lang='lat' dir='ltr'><strong>propriis</strong></span> 
     </span>
     <span class='ocr_line' id='line_1_9' title="bbox 307 1450 1298 1548; baseline -0.008 -20"><span class='ocrx_word' id='word_1_52' title='bbox 307 1454 447 1528; x_wconf 70' lang='lat' dir='ltr'><strong>,venulis</strong></span> <span class='ocrx_word' id='word_1_53' title='bbox 471 1453 676 1524; x_wconf 79' lang='lat' dir='ltr'><strong>absorbetur</strong></span> <span class='ocrx_word' id='word_1_54' title='bbox 700 1450 808 1522; x_wconf 82' lang='lat' dir='ltr'><strong>durae</strong></span> <span class='ocrx_word' id='word_1_55' title='bbox 835 1451 990 1540; x_wconf 85' lang='lat' dir='ltr'><strong>matris,</strong></span> <span class='ocrx_word' id='word_1_56' title='bbox 1017 1475 1163 1548; x_wconf 88' lang='lat' dir='ltr'><strong>quarum</strong></span> <span class='ocrx_word' id='word_1_57' title='bbox 1190 1473 1298 1521; x_wconf 90' lang='lat' dir='ltr'><strong>oscu-</strong></span> 
     </span>
     <span class='ocr_line' id='line_1_10' title="bbox 306 1567 1365 1672; baseline -0.007 -26"><span class='ocrx_word' id='word_1_58' title='bbox 306 1572 343 1647; x_wconf 81' lang='lat' dir='ltr'><strong>la</strong></span> <span class='ocrx_word' id='word_1_59' title='bbox 367 1571 531 1672; x_wconf 78' lang='lat' dir='ltr'><strong>pleraque</strong></span> <span class='ocrx_word' id='word_1_60' title='bbox 559 1571 594 1641; x_wconf 89' lang='lat' dir='ltr'><strong>iu</strong></span> <span class='ocrx_word' id='word_1_61' title='bbox 621 1571 802 1667; x_wconf 83' lang='lat' dir='ltr'><strong>superficie</strong></span> <span class='ocrx_word' id='word_1_62' title='bbox 842 1567 944 1668; x_wconf 78' lang='lat' dir='ltr'><strong>hujus</strong></span> <span class='ocrx_word' id='word_1_63' title='bbox 981 1567 1210 1646; x_wconf 74' lang='lat' dir='ltr'><strong>membranae</strong></span> <span class='ocrx_word' id='word_1_64' title='bbox 1245 1571 1299 1640; x_wconf 93' lang='lat' dir='ltr'><strong>in·</strong></span> <span class='ocrx_word' id='word_1_65' title='bbox 1362 1579 1365 1590; x_wconf 88' lang='lat'>&#39;</span> 
     </span>
     <span class='ocr_line' id='line_1_11' title="bbox 309 1678 1367 1788; baseline 0 -24"><span class='ocrx_word' id='word_1_66' title='bbox 309 1705 409 1766; x_wconf 81' lang='lat' dir='ltr'><strong>terna</strong></span> <span class='ocrx_word' id='word_1_67' title='bbox 434 1692 648 1788; x_wconf 85' lang='lat' dir='ltr'><strong>aperiuntur.</strong></span> <span class='ocrx_word' id='word_1_68' title='bbox 677 1686 765 1760; x_wconf 91' lang='lat' dir='ltr'><strong>Vidi</strong></span> <span class='ocrx_word' id='word_1_69' title='bbox 791 1678 1066 1786; x_wconf 83' lang='lat' dir='ltr'><strong>eniminjectum</strong></span> <span class='ocrx_word' id='word_1_70' title='bbox 1083 1689 1298 1760; x_wconf 83' lang='lat' dir='ltr'><strong>mercurium</strong></span> <span class='ocrx_word' id='word_1_71' title='bbox 1366 1687 1367 1764; x_wconf 84' lang='lat' dir='ltr'><strong>l</strong></span> 
     </span>
    </p>

    <p class='ocr_par' dir='ltr' id='par_1_3' title="bbox 266 1807 1367 3707">
     <span class='ocr_line' id='line_1_12' title="bbox 266 1807 1298 1906; baseline -0.004 -24"><span class='ocrx_word' id='word_1_72' title='bbox 266 1851 274 1862; x_wconf 41' lang='grc' dir='ltr'>ι</span> <span class='ocrx_word' id='word_1_73' title='bbox 310 1812 400 1882; x_wconf 88' lang='lat' dir='ltr'><strong>intra</strong></span> <span class='ocrx_word' id='word_1_74' title='bbox 421 1807 689 1880; x_wconf 79' lang='lat' dir='ltr'><strong>membraneum</strong></span> <span class='ocrx_word' id='word_1_75' title='bbox 716 1807 902 1878; x_wconf 81' lang='lat' dir='ltr'><strong>cavitatem</strong></span> <span class='ocrx_word' id='word_1_76' title='bbox 930 1807 1093 1880; x_wconf 86' lang='lat' dir='ltr'><strong>vestibuli</strong></span> <span class='ocrx_word' id='word_1_77' title='bbox 1121 1807 1298 1906; x_wconf 83' lang='lat' dir='ltr'><strong>aquaedu-</strong></span> 
     </span>
     <span class='ocr_line' id='line_1_13' title="bbox 311 1922 1296 2023; baseline -0.006 -25"><span class='ocrx_word' id='word_1_78' title='bbox 311 1939 420 2016; x_wconf 77' lang='lat' dir='ltr'><strong>ctus,</strong></span> <span class='ocrx_word' id='word_1_79' title='bbox 449 1941 484 1998; x_wconf 89' lang='lat' dir='ltr'><strong>et</strong></span> <span class='ocrx_word' id='word_1_80' title='bbox 507 1925 552 1998; x_wconf 90' lang='lat' dir='ltr'><strong>ab</strong></span> <span class='ocrx_word' id='word_1_81' title='bbox 580 1949 619 1996; x_wconf 85' lang='lat' dir='ltr'><strong>ea</strong></span> <span class='ocrx_word' id='word_1_82' title='bbox 646 1924 683 1994; x_wconf 92' lang='lat' dir='ltr'><strong>in</strong></span> <span class='ocrx_word' id='word_1_83' title='bbox 709 1922 817 1994; x_wconf 88' lang='lat' dir='ltr'><strong>durae</strong></span> <span class='ocrx_word' id='word_1_84' title='bbox 843 1927 964 2020; x_wconf 86' lang='lat' dir='ltr'><strong>matris</strong></span> <span class='ocrx_word' id='word_1_85' title='bbox 983 1925 1127 1998; x_wconf 83' lang='lat' dir='ltr'><strong>venulas</strong></span> <span class='ocrx_word' id='word_1_86' title='bbox 1154 1925 1296 2023; x_wconf 86' lang='lat' dir='ltr'><strong>propul·</strong></span> 
     </span>
     <span class='ocr_line' id='line_1_14' title="bbox 307 2042 1367 2144; baseline -0.002 -23"><span class='ocrx_word' id='word_1_87' title='bbox 307 2075 414 2135; x_wconf 83' lang='lat' dir='ltr'><strong>sum,</strong></span> <span class='ocrx_word' id='word_1_88' title='bbox 442 2044 593 2144; x_wconf 82' lang='lat' dir='ltr'><strong>indeque</strong></span> <span class='ocrx_word' id='word_1_89' title='bbox 609 2069 730 2116; x_wconf 82' lang='lat' dir='ltr'><strong>versus</strong></span> <span class='ocrx_word' id='word_1_90' title='bbox 753 2042 887 2116; x_wconf 85' lang='lat' dir='ltr'><strong>radices</strong></span> <span class='ocrx_word' id='word_1_91' title='bbox 902 2059 1074 2118; x_wconf 82' lang='lat' dir='ltr'><strong>extremas</strong></span> <span class='ocrx_word' id='word_1_92' title='bbox 1087 2045 1295 2119; x_wconf 88' lang='lat' dir='ltr'><strong>venularum</strong></span> <span class='ocrx_word' id='word_1_93' title='bbox 1366 2059 1367 2130; x_wconf 76' lang='lat' dir='ltr'><strong>l</strong></span> 
     </span>
     <span class='ocr_line' id='line_1_15' title="bbox 309 2161 1295 2269; baseline -0.005 -29"><span class='ocrx_word' id='word_1_94' title='bbox 309 2193 491 2269; x_wconf 80' lang='lat' dir='ltr'><strong>pressum,</strong></span> <span class='ocrx_word' id='word_1_95' title='bbox 518 2163 678 2264; x_wconf 86' lang='lat' dir='ltr'><strong>pluribus</strong></span> <span class='ocrx_word' id='word_1_96' title='bbox 705 2189 748 2236; x_wconf 84' lang='lat' dir='ltr'><strong>ex</strong></span> <span class='ocrx_word' id='word_1_97' title='bbox 775 2161 863 2236; x_wconf 90' lang='lat' dir='ltr'><strong>locis</strong></span> <span class='ocrx_word' id='word_1_98' title='bbox 900 2164 1097 2263; x_wconf 84' lang='lat' dir='ltr'><strong>superficiei</strong></span> <span class='ocrx_word' id='word_1_99' title='bbox 1139 2169 1295 2238; x_wconf 83' lang='lat' dir='ltr'><strong>internae</strong></span> 
     </span>
     <span class='ocr_line' id='line_1_16' title="bbox 309 2285 1292 2377; baseline -0.006 -14"><span class='ocrx_word' id='word_1_100' title='bbox 309 2291 417 2364; x_wconf 88' lang='lat' dir='ltr'><strong>durae</strong></span> <span class='ocrx_word' id='word_1_101' title='bbox 443 2291 564 2362; x_wconf 85' lang='lat' dir='ltr'><strong>matris</strong></span> <span class='ocrx_word' id='word_1_102' title='bbox 591 2289 796 2374; x_wconf 71' lang='lat' dir='ltr'><strong>exundasse.</strong></span> <span class='ocrx_word' id='word_1_103' title='bbox 836 2287 943 2376; x_wconf 82' lang='lat' dir='ltr'><strong>Quod</strong></span> <span class='ocrx_word' id='word_1_104' title='bbox 976 2285 1191 2358; x_wconf 88' lang='lat' dir='ltr'><strong>documento</strong></span> <span class='ocrx_word' id='word_1_105' title='bbox 1218 2301 1292 2377; x_wconf 86' lang='lat' dir='ltr'><strong>est,</strong></span> 
     </span>
     <span class='ocr_line' id='line_1_17' title="bbox 309 2407 1367 2509; baseline -0.005 -23"><span class='ocrx_word' id='word_1_106' title='bbox 309 2410 590 2509; x_wconf 78' lang='lat' dir='ltr'><strong>sanguilerarnm</strong></span> <span class='ocrx_word' id='word_1_107' title='bbox 616 2436 784 2482; x_wconf 88' lang='lat' dir='ltr'><strong>venarum</strong></span> <span class='ocrx_word' id='word_1_108' title='bbox 810 2409 918 2482; x_wconf 85' lang='lat' dir='ltr'><strong>durae</strong></span> <span class='ocrx_word' id='word_1_109' title='bbox 944 2410 1065 2482; x_wconf 88' lang='lat' dir='ltr'><strong>matris</strong></span> <span class='ocrx_word' id='word_1_110' title='bbox 1082 2407 1220 2481; x_wconf 82' lang='lat' dir='ltr'><strong>radices</strong></span> <span class='ocrx_word' id='word_1_111' title='bbox 1232 2408 1292 2481; x_wconf 85' lang='lat' dir='ltr'><strong>ali·</strong></span> <span class='ocrx_word' id='word_1_112' title='bbox 1366 2439 1367 2498; x_wconf 67' lang='lat' dir='ltr'><strong>r</strong></span> 
     </span>
     <span class='ocr_line' id='line_1_18' title="bbox 310 2527 1288 2630; baseline 0 -32"><span class='ocrx_word' id='word_1_113' title='bbox 310 2531 457 2626; x_wconf 86' lang='lat' dir='ltr'><strong>quasin</strong></span> <span class='ocrx_word' id='word_1_114' title='bbox 484 2531 559 2625; x_wconf 86' lang='lat' dir='ltr'><strong>ejus</strong></span> <span class='ocrx_word' id='word_1_115' title='bbox 586 2527 718 2600; x_wconf 86' lang='lat' dir='ltr'><strong>interna</strong></span> <span class='ocrx_word' id='word_1_116' title='bbox 744 2529 925 2628; x_wconf 83' lang='lat' dir='ltr'><strong>superficie</strong></span> <span class='ocrx_word' id='word_1_117' title='bbox 962 2528 1107 2624; x_wconf 86' lang='lat' dir='ltr'><strong>aperiri,</strong></span> <span class='ocrx_word' id='word_1_118' title='bbox 1135 2528 1288 2630; x_wconf 80' lang='lat' dir='ltr'><strong>indeque</strong></span> 
     </span>
     <span class='ocr_line' id='line_1_19' title="bbox 303 2648 1367 2749; baseline 0.005 -29"><span class='ocrx_word' id='word_1_119' title='bbox 303 2648 449 2722; x_wconf 77' lang='lat' dir='ltr'><strong>fumum</strong></span> <span class='ocrx_word' id='word_1_120' title='bbox 474 2671 661 2748; x_wconf 75' lang='lat' dir='ltr'><strong>exsugere,</strong></span> <span class='ocrx_word' id='word_1_121' title='bbox 689 2673 797 2749; x_wconf 87' lang='lat' dir='ltr'><strong>quem</strong></span> <span class='ocrx_word' id='word_1_122' title='bbox 826 2649 1034 2722; x_wconf 87' lang='lat' dir='ltr'><strong>arteriarum</strong></span> <span class='ocrx_word' id='word_1_123' title='bbox 1052 2650 1289 2724; x_wconf 78' lang='lat' dir='ltr'><strong>extremitates</strong></span> <span class='ocrx_word' id='word_1_124' title='bbox 1366 2659 1367 2732; x_wconf 75' lang='lat' dir='ltr'><strong>l</strong></span> 
     </span>
     <span class='ocr_line' id='line_1_20' title="bbox 312 2771 544 2844; baseline -0.007 -2"><span class='ocrx_word' id='word_1_125' title='bbox 312 2771 544 2844; x_wconf 83' lang='lat' dir='ltr'><strong>exsudaraut.</strong></span> 
     </span>
     <span class='ocr_line' id='line_1_21' title="bbox 413 2888 1292 2990; baseline 0.002 -30"><span class='ocrx_word' id='word_1_126' title='bbox 413 2888 648 2966; x_wconf 82' lang='lat' dir='ltr'>LXXXVII.</span> <span class='ocrx_word' id='word_1_127' title='bbox 679 2888 784 2963; x_wconf 86' lang='lat' dir='ltr'><strong>Nunc</strong></span> <span class='ocrx_word' id='word_1_128' title='bbox 810 2888 994 2990; x_wconf 84' lang='lat' dir='ltr'><strong>descriptis</strong></span> <span class='ocrx_word' id='word_1_129' title='bbox 1020 2893 1091 2984; x_wconf 75' lang='lat' dir='ltr'><strong>iarn</strong></span> <span class='ocrx_word' id='word_1_130' title='bbox 1117 2888 1292 2988; x_wconf 84' lang='lat' dir='ltr'><strong>aquaedu·</strong></span> 
     </span>
     <span class='ocr_line' id='line_1_22' title="bbox 316 3007 1290 3109; baseline 0.001 -25"><span class='ocrx_word' id='word_1_131' title='bbox 316 3009 463 3099; x_wconf 76' lang='lat' dir='ltr'><strong>eribus,</strong></span> <span class='ocrx_word' id='word_1_132' title='bbox 490 3010 599 3108; x_wconf 78' lang='lat' dir='ltr'><strong>quia</strong></span> <span class='ocrx_word' id='word_1_133' title='bbox 624 3007 814 3109; x_wconf 81' lang='lat' dir='ltr'><strong>labyrinthi</strong></span> <span class='ocrx_word' id='word_1_134' title='bbox 841 3037 926 3085; x_wconf 89' lang='lat' dir='ltr'><strong>cavo</strong></span> <span class='ocrx_word' id='word_1_135' title='bbox 952 3035 1051 3084; x_wconf 89' lang='lat' dir='ltr'><strong>suam</strong></span> <span class='ocrx_word' id='word_1_136' title='bbox 1076 3009 1211 3084; x_wconf 86' lang='lat' dir='ltr'><strong>ducunt</strong></span> <span class='ocrx_word' id='word_1_137' title='bbox 1225 3011 1290 3084; x_wconf 89' lang='lat' dir='ltr'><strong>ori-</strong></span> 
     </span>
     <span class='ocr_line' id='line_1_23' title="bbox 311 3129 1367 3230; baseline -0.001 -32"><span class='ocrx_word' id='word_1_138' title='bbox 311 3130 466 3230; x_wconf 82' lang='lat' dir='ltr'><strong>ginem‚</strong></span> <span class='ocrx_word' id='word_1_139' title='bbox 492 3153 648 3228; x_wconf 87' lang='lat' dir='ltr'><strong>eaquae</strong></span> <span class='ocrx_word' id='word_1_140' title='bbox 674 3129 761 3203; x_wconf 89' lang='lat' dir='ltr'><strong>iutra</strong></span> <span class='ocrx_word' id='word_1_141' title='bbox 788 3131 993 3215; x_wconf 69' lang='lat' dir='ltr'><strong>rossinol,</strong></span> <span class='ocrx_word' id='word_1_142' title='bbox 1030 3149 1111 3207; x_wconf 85' lang='lat' dir='ltr'><strong>cum</strong></span> <span class='ocrx_word' id='word_1_143' title='bbox 1137 3129 1292 3203; x_wconf 81' lang='lat' dir='ltr'><strong>sonantia</strong></span> <span class='ocrx_word' id='word_1_144' title='bbox 1366 3155 1367 3222; x_wconf 35' lang='grc' dir='ltr'><strong>ᾗ</strong></span> 
     </span>
     <span class='ocr_line' id='line_1_24' title="bbox 316 3241 1367 3349; baseline -0.001 -30"><span class='ocrx_word' id='word_1_145' title='bbox 316 3269 462 3344; x_wconf 84' lang='lat' dir='ltr'><strong>corpora</strong></span> <span class='ocrx_word' id='word_1_146' title='bbox 488 3248 685 3338; x_wconf 84' lang='lat' dir='ltr'><strong>sentimus,</strong></span> <span class='ocrx_word' id='word_1_147' title='bbox 710 3246 865 3322; x_wconf 82' lang='lat' dir='ltr'><strong>breviter</strong></span> <span class='ocrx_word' id='word_1_148' title='bbox 890 3248 1167 3349; x_wconf 82' lang='lat' dir='ltr'><strong>superiusdicta</strong></span> <span class='ocrx_word' id='word_1_149' title='bbox 1194 3270 1292 3347; x_wconf 89' lang='lat' dir='ltr'><strong>repe·</strong></span> <span class='ocrx_word' id='word_1_150' title='bbox 1366 3241 1367 3334; x_wconf 57' lang='lat' dir='ltr'><strong>l</strong></span> 
     </span>
     <span class='ocr_line' id='line_1_25' title="bbox 313 3364 1367 3468; baseline -0.001 -27"><span class='ocrx_word' id='word_1_151' title='bbox 313 3365 447 3456; x_wconf 80' lang='lat' dir='ltr'><strong>teudo,</strong></span> <span class='ocrx_word' id='word_1_152' title='bbox 474 3365 600 3440; x_wconf 85' lang='lat' dir='ltr'><strong>clarius</strong></span> <span class='ocrx_word' id='word_1_153' title='bbox 624 3364 894 3468; x_wconf 80' lang='lat' dir='ltr'><strong>intelligentur.</strong></span> <span class='ocrx_word' id='word_1_154' title='bbox 922 3369 1019 3442; x_wconf 89' lang='lat' dir='ltr'><strong>Dum</strong></span> <span class='ocrx_word' id='word_1_155' title='bbox 1058 3369 1167 3468; x_wconf 82' lang='lat' dir='ltr'><strong>igitur</strong></span> <span class='ocrx_word' id='word_1_156' title='bbox 1193 3393 1294 3442; x_wconf 85' lang='lat' dir='ltr'><strong>sono·</strong></span> <span class='ocrx_word' id='word_1_157' title='bbox 1366 3399 1367 3468; x_wconf 59' lang='lat' dir='ltr'><strong>r</strong></span> 
     </span>
     <span class='ocr_line' id='line_1_26' title="bbox 267 3486 1294 3590; baseline 0.006 -32"><span class='ocrx_word' id='word_1_158' title='bbox 267 3529 272 3536; x_wconf 84' lang='lat'>-</span> <span class='ocrx_word' id='word_1_159' title='bbox 313 3513 396 3560; x_wconf 84' lang='lat' dir='ltr'><strong>rum</strong></span> <span class='ocrx_word' id='word_1_160' title='bbox 423 3486 720 3586; x_wconf 63' lang='lat' dir='ltr'><strong>corporalest,</strong></span> <span class='ocrx_word' id='word_1_161' title='bbox 749 3490 785 3562; x_wconf 92' lang='lat' dir='ltr'><strong>iu</strong></span> <span class='ocrx_word' id='word_1_162' title='bbox 813 3489 1133 3564; x_wconf 86' lang='lat' dir='ltr'><strong>omni·vibratione</strong></span> <span class='ocrx_word' id='word_1_163' title='bbox 1180 3489 1294 3590; x_wconf 85' lang='lat' dir='ltr'><strong>proxi·</strong></span> 
     </span>
     <span class='ocr_line' id='line_1_27' title="bbox 314 3601 1367 3707; baseline 0 -29"><span class='ocrx_word' id='word_1_164' title='bbox 314 3629 415 3678; x_wconf 90' lang='lat' dir='ltr'><strong>mum</strong></span> <span class='ocrx_word' id='word_1_165' title='bbox 435 3612 519 3679; x_wconf 76' lang='lat' dir='ltr'><strong>alim</strong></span> <span class='ocrx_word' id='word_1_166' title='bbox 546 3608 718 3705; x_wconf 83' lang='lat' dir='ltr'><strong>projicit,</strong></span> <span class='ocrx_word' id='word_1_167' title='bbox 744 3605 780 3680; x_wconf 87' lang='lat' dir='ltr'><strong>in</strong></span> <span class='ocrx_word' id='word_1_168' title='bbox 806 3606 988 3706; x_wconf 84' lang='lat' dir='ltr'><strong>sphaeram</strong></span> <span class='ocrx_word' id='word_1_169' title='bbox 1014 3621 1139 3682; x_wconf 82' lang='lat' dir='ltr'><strong>sonoro</strong></span> <span class='ocrx_word' id='word_1_170' title='bbox 1165 3622 1291 3707; x_wconf 86' lang='lat' dir='ltr'><strong>puncto</strong></span> <span class='ocrx_word' id='word_1_171' title='bbox 1366 3601 1367 3662; x_wconf 75' lang='lat' dir='ltr'><strong>l</strong></span> 
     </span>
    </p>
   </div>
   <div class='ocr_carea' id='block_1_3' title="bbox 316 3724 1367 3801">
    <p class='ocr_par' dir='ltr' id='par_1_4' title="bbox 316 3724 1367 3801">
     <span class='ocr_line' id='line_1_28' title="bbox 316 3724 1367 3801; baseline 0.006 -7"><span class='ocrx_word' id='word_1_172' title='bbox 316 3724 592 3801; x_wconf 81' lang='lat' dir='ltr'><strong>cousentricam.</strong></span> <span class='ocrx_word' id='word_1_173' title='bbox 616 3724 684 3798; x_wconf 88' lang='lat' dir='ltr'><strong>llio</strong></span> <span class='ocrx_word' id='word_1_174' title='bbox 710 3725 924 3800; x_wconf 87' lang='lat' dir='ltr'><strong>circulariter</strong></span> <span class='ocrx_word' id='word_1_175' title='bbox 947 3737 1063 3800; x_wconf 86' lang='lat' dir='ltr'><strong>motus</strong></span> <span class='ocrx_word' id='word_1_176' title='bbox 1101 3734 1163 3798; x_wconf 78' lang='lat' dir='ltr'><strong>aiir</strong></span> <span class='ocrx_word' id='word_1_177' title='bbox 1203 3724 1292 3798; x_wconf 90' lang='lat' dir='ltr'><strong>unda</strong></span> <span class='ocrx_word' id='word_1_178' title='bbox 1366 3763 1367 3800; x_wconf 64' lang='grc' dir='ltr'>ι</span> 
     </span>
    </p>
   </div>
   <div class='ocr_carea' id='block_1_4' title="bbox 313 3841 1367 4070">
    <p class='ocr_par' dir='ltr' id='par_1_5' title="bbox 313 3835 1367 4070">
     <span class='ocr_line' id='line_1_29' title="bbox 315 3841 1291 3944; baseline 0.001 -28"><span class='ocrx_word' id='word_1_179' title='bbox 315 3844 445 3944; x_wconf 86' lang='lat' dir='ltr'><strong>dicitur</strong></span> <span class='ocrx_word' id='word_1_180' title='bbox 467 3867 609 3918; x_wconf 86' lang='lat' dir='ltr'><strong>sonora.</strong></span> <span class='ocrx_word' id='word_1_181' title='bbox 636 3841 679 3914; x_wconf 91' lang='lat' dir='ltr'><strong>Iu</strong></span> <span class='ocrx_word' id='word_1_182' title='bbox 704 3846 801 3918; x_wconf 88' lang='lat' dir='ltr'><strong>omni</strong></span> <span class='ocrx_word' id='word_1_183' title='bbox 827 3869 912 3917; x_wconf 90' lang='lat' dir='ltr'><strong>sono</strong></span> <span class='ocrx_word' id='word_1_184' title='bbox 932 3901 943 3936; x_wconf 86' lang='lat'>,</span> <span class='ocrx_word' id='word_1_185' title='bbox 963 3857 1058 3944; x_wconf 78' lang='lat' dir='ltr'><strong>quot</strong></span> <span class='ocrx_word' id='word_1_186' title='bbox 1081 3844 1291 3918; x_wconf 84' lang='lat' dir='ltr'><strong>vibrationes</strong></span> 
     </span>
     <span class='ocr_line' id='line_1_30' title="bbox 313 3945 1367 4070; baseline -0.001 -31"><span class='ocrx_word' id='word_1_187' title='bbox 313 3978 423 4056; x_wconf 73' lang='lat' dir='ltr'><strong>sunt,</strong></span> <span class='ocrx_word' id='word_1_188' title='bbox 447 3975 503 4038; x_wconf 89' lang='lat' dir='ltr'><strong>tot</strong></span> <span class='ocrx_word' id='word_1_189' title='bbox 531 3962 646 4040; x_wconf 83' lang='lat' dir='ltr'><strong>undae</strong></span> <span class='ocrx_word' id='word_1_190' title='bbox 671 3989 816 4041; x_wconf 79' lang='lat' dir='ltr'><strong>sonorae</strong></span> <span class='ocrx_word' id='word_1_191' title='bbox 831 3978 1058 4070; x_wconf 83' lang='lat' dir='ltr'><strong>generantur,</strong></span> <span class='ocrx_word' id='word_1_192' title='bbox 1075 3991 1198 4041; x_wconf 89' lang='lat' dir='ltr'><strong>omnes</strong></span> <span class='ocrx_word' id='word_1_193' title='bbox 1213 3991 1293 4040; x_wconf 86' lang='lat' dir='ltr'><strong>cou-</strong></span> <span class='ocrx_word' id='word_1_194' title='bbox 1366 3945 1367 3976; x_wconf 25' lang='grc' dir='ltr'>ἢ</span> 
     </span>
    </p>
   </div>
   <div class='ocr_carea' id='block_1_5' title="bbox 0 0 1382 4874">
    <p class='ocr_par' dir='ltr' id='par_1_6' title="bbox 0 0 1382 4874">
     <span class='ocr_line' id='line_1_31' title="bbox 0 0 1382 4874; baseline 0 0"><span class='ocrx_word' id='word_1_195' title='bbox 0 0 1382 4874; x_wconf 95' lang='lat' dir='ltr'><strong> </strong></span> 
     </span>
    </p>
   </div>
  </div>
 </body>
</html>
