2756 4874
710 464 739 550 ,(
763 413 859 551 na)

1365 497 1366 534 i

284 661 354 738 qne
378 631 754 718 uanaebrenitatem,
797 628 866 702 bne
906 629 1091 720 deficiente
1133 637 1168 707 iu
1199 651 1272 710 'ans

282 754 360 829 dita
387 768 556 842 tumore„
573 753 638 824 nisi
663 749 823 846 amplum
850 765 939 824 esset
956 751 1194 853 aquaeductus
1207 781 1270 852 co·
1365 745 1366 790 ¹

281 873 405 949 chleae
430 875 628 958 orificium,
653 870 795 944 difficile
820 871 933 946 scalae
954 876 1108 972 tympani
1129 875 1263 950 humor
1365 967 1366 976 ἵ

281 1005 511 1074 evacuaretur
527 991 548 1062 i

391 1105 601 1186 LXXXV.
616 1112 698 1185 Jarn
724 1109 833 1186 modo
858 1111 968 1210 igitar
1005 1137 1187 1212 possumus
1218 1139 1264 1188 ex
1365 1011 1366 1176 i

278 1231 396 1310 habita
422 1230 586 1308 cochleae
614 1229 848 1332 aquaeductus
876 1231 1108 1332 descriptione
1127 1235 1271 1310 conclu·-
1365 1301 1366 1322 ,

287 1355 401 1446 dere,
430 1353 616 1428 humorem
641 1351 806 1428 vestibuli
834 1379 904 1434 uno
930 1355 1083 1454 stapedis
1109 1359 1266 1456 impulsu

284 1489 447 1564 motum,
475 1475 602 1572 partim
628 1499 691 1574 per
715 1473 907 1564 vestibuli,
935 1476 1066 1572 partim
1106 1503 1170 1579 per
1205 1503 1266 1550 co·

284 1593 407 1668 chiaae
430 1593 687 1690 aquaeductum
714 1592 880 1666 effluere.
919 1594 1032 1692 Hujus
1056 1611 1175 1669 autem
1200 1621 1262 1668 co·

274 1712 398 1786 ehlere
423 1711 679 1811 aquaeductus,
706 1714 868 1808 proxime
878 1716 1039 1813 superins
1061 1715 1253 1806 orificium,
1365 1727 1366 1800 ξ

277 1838 467 1933 angustia,
493 1831 537 1904 ad
562 1830 658 1904 idem
682 1832 823 1907 ridetur
849 1834 1003 1912 officium
1044 1833 1245 1926 destinata,

274 1951 319 2026 ad
344 1952 440 2053 quod
465 1954 501 2024 in
527 1949 748 2052 aquaeductu
773 1951 940 2029 vestibuli
966 1961 1019 2024 est
1060 1953 1249 2029 instituta.
1365 1997 1366 2048 p

272 2073 326 2148 Ut
349 2076 386 2146 in
411 2085 573 2146 contactu
599 2095 752 2168 nempe,
769 2095 878 2170 quem
895 2125 904 2155 ‚
920 2069 1026 2170 plane
1043 2073 1258 2160 maximum,
1365 2071 1366 2076 ’

275 2193 404 2268 habere
428 2194 518 2266 solet
543 2191 671 2264 humor
691 2216 779 2268 ,cum
805 2192 972 2268 lateribus
1016 2195 1108 2268 vasis
1148 2218 1263 2293 angu-
1365 2213 1366 2278 ς

274 2316 447 2404 atissimi',
474 2337 537 2413 per
562 2310 659 2412 quod
683 2317 883 2404 movetur,
925 2312 1086 2388 frictione
1124 2326 1259 2404 aucta,
1365 2319 1366 2336 ¹

275 2433 429 2534 aliquam
455 2432 490 2505 in
516 2447 615 2504 rnatu
639 2431 839 2505 tarditatem
862 2434 1099 2532 experiretur.
1129 2433 1259 2534 Singu-
1365 2461 1366 2472 ¹

269 2555 423 2652 lisvergn
450 2553 586 2626 vicibus
611 2551 740 2652 quibus
765 2565 881 2652 stapes
907 2552 1062 2652 impellit
1096 2553 1258 2628 vestibu-

269 2669 539 2758 enumerem,
565 2684 600 2744 et
641 2673 792 2775 agitatur
828 2671 970 2748 cochlea
1012 2673 1193 2771 (xnrrsr
1217 2673 1259 2772 ),
1365 2703 1366 2738 ι

268 2813 333 2888 par
357 2787 610 2891 aquaeductum
636 2789 730 2866 hunc
755 2806 892 2868 tanturn
918 2793 1081 2868 humoris
1126 2817 1253 2871 excat·

267 2911 394 3013 nitur,
420 2926 591 3012 quantum
616 2914 698 2986 satis
723 2928 807 3000 est,
834 2927 873 2986 ut
897 2911 1085 2990 adveniens
1103 2916 1140 2986 in
1159 2929 1257 3013 tynn-
1365 2977 1366 3012 p

276 3031 355 3124 parri
400 3029 528 3104 scalam
569 3028 698 3107 humor
735 3030 877 3132 (utu)
907 3031 1030 3110 lucum
1065 3035 1253 3108 inveniat.
1365 3075 1366 3090 κ

161 3143 167 3162 ‘
272 3148 459 3251 Quidquid
486 3165 604 3226 antem
630 3153 675 3226 ab
700 3179 742 3228 eu
769 3152 933 3244 excidit,
961 3157 1054 3232 intra
1080 3154 1256 3232 calvariae
1365 3177 1366 3248 ξ

270 3292 398 3346 cavum
424 3273 572 3346 extillat.
600 3275 675 3360 Nee
692 3297 861 3376 quaerere
874 3286 1016 3375 oportet
1033 3303 1140 3377 quana
1157 3279 1253 3352 viam
1365 3311 1366 3344 1

273 3387 403 3468 ltumor
427 3391 485 3468 hic
509 3397 599 3469 intra
625 3396 813 3472 calvariam
838 3410 998 3473 excretus
1013 3397 1099 3472 inde
1122 3409 1254 3483 teneat
1365 3409 1366 3460 ἐ

265 3535 354 3586 riam
381 3535 444 3612 per
469 3513 631 3588 eamdem
657 3517 755 3590 riat'n
779 3512 939 3589 redditur
964 3513 1164 3620 sanguini,
1192 3539 1257 3616 pen
1365 3581 1366 3612 p

272 3638 382 3733 quarn
407 3633 523 3709 sumus
547 3636 638 3709 intra
662 3637 855 3712 calvariam
880 3636 925 3711 ab
951 3639 1120 3712 extremis
1162 3655 1257 3712 arte·
1365 3683 1366 3740 3

272 3753 403 3830 riarum
428 3752 561 3829 osculis
586 3754 751 3832 exhalans
764 3757 982 3834 absorbetur.
1002 3759 1144 3832 Emittit
1157 3761 1256 3838 eninr
1365 3747 1366 3832 ἕ

274 3878 441 3948 continuo
466 3887 539 3948 tota
563 3875 708 3950 interior
733 3877 841 3950 durae
866 3878 988 3950 matris
1013 3877 1246 3975 superficies,

271 3991 309 4069 in
334 3995 416 4070 vivo
440 3991 613 4090 animali,
639 3993 811 4090 tamum,
839 3998 901 4102 qni
925 4019 991 4101 per
1008 3998 1247 4102 extremitates
1365 3989 1366 4022 ³
