2756 4874
523 466 662 556 (129)

90 631 272 706 cantrices.
301 627 451 733 Singula
475 633 588 732 igitur
615 629 738 722 nuda,
777 631 992 739 ubicumque
1028 641 1067 720 in
1119 669 1123 676 ·

85 752 231 849 sphaera
244 775 325 826 sune
340 754 600 852 propagationis
613 765 769 825 mentum
787 755 999 831 auditorium
1016 760 1071 830 ol·

84 867 221 959 fendit,
250 872 302 942 sic
316 898 363 944 ,se
390 870 491 942 nobis
518 868 727 942 manifestat.
745 873 916 946 Pcrcnrso
933 892 1067 968 meato,

85 993 225 1090 suisque
250 992 401 1066 flexibus
426 991 619 1076 roborato,
645 991 681 1062 in
707 997 905 1090 oppositam
931 997 1075 1096 tympass·

85 1111 121 1180 ni
147 1111 391 1184 membranam
418 1109 436 1211 (
462 1136 602 1186 xxxiia
634 1109 748 1210 >vim
775 1110 900 1184 insert.
930 1113 1067 1186 Cedere

83 1230 191 1327 igitur
211 1287 221 1322 ‚
240 1231 393 1331 ducique
411 1230 589 1304 tantulum
608 1232 798 1304 introrsum
821 1285 832 1321 ,
852 1229 937 1306 baec
955 1259 1079 1306 mern-1

85 1348 191 1424 brana
214 1365 373 1439 coacta,
402 1351 468 1424 sibi
495 1351 672 1424 adnexum
699 1351 815 1424 mallei
835 1354 1077 1427 manubrium·

84 1473 100 1570 (
125 1496 245 1546 xxxiv
271 1471 287 1571 )
313 1473 479 1546 interiora
504 1497 624 1546 versus
659 1497 779 1546 secum
816 1473 946 1546 trahit.
978 1475 1104 1548 Mat-..

82 1589 156 1664 leus
183 1590 309 1664 cedere
336 1593 493 1675 nescius,
522 1592 586 1664 nisi
615 1606 732 1666 motus
757 1593 849 1664 circa
875 1593 968 1668 Folii
987 1620 1067 1694 pro·

83 1736 220 1788 cessum
252 1765 264 1800 ‚
307 1726 347 1784 ut
372 1711 466 1784 axiru
491 1711 507 1810 (
534 1733 652 1788 xxxiv
680 1709 724 1810 )‚
754 1709 840 1782 dum
881 1713 1068 1786 murniabrio

82 1836 276 1906 introrsum
304 1828 445 1908 tendit,
472 1832 586 1928 capite
610 1855 675 1906 suo
701 1830 818 1930 vergit
844 1843 1069 1907 extrorsum.

83 1953 154 2026 Sed
180 1957 255 2052 ejus
281 1954 387 2052 capiti
412 1954 591 2026 articulata
619 1953 711 2024 laesis
742 1950 909 2026 incudis.
941 1954 1076 2028 Trebel

82 2077 193 2174 igitur
220 2087 326 2172 caput
348 2071 465 2148 mallei
491 2073 606 2146 basim
632 2075 749 2146 istam.
773 2073 936 2146 Movetur
955 2088 1076 2150 autern

85 2200 187 2270 incus
214 2220 320 2292 super
347 2219 448 2266 crure
474 2194 686 2292 posteriori,
715 2205 930 2282 utcontro,
958 2196 1069 2269 itaut

85 2343 154 2415 quo
171 2323 382 2390 dxtrorsum
411 2315 523 2413 magis
550 2312 644 2386 basis
672 2312 810 2400 tendit,
838 2311 904 2386 boc
931 2316 1075 2390 crusnl-

84 2428 202 2510 iernm
230 2434 403 2537 longius,
444 2435 518 2508 basi
554 2439 798 2524 continuum,
843 2451 1072 2532 promovetur

85 2556 289 2628 introrsum.
320 2555 381 2628 Sic
406 2551 496 2626 dum
531 2553 691 2651 tympani
726 2551 937 2630 membrana
974 2554 1079 2656 pelli·

86 2689 173 2758 turp,
202 2683 238 2742 et
262 2672 488 2747 manubrium
517 2670 657 2758 mallei,
688 2687 723 2746 ct
749 2699 827 2746 crus
852 2674 996 2773 longius
1023 2678 1077 2750 in·

87 2795 189 2868 cudis
214 2795 380 2868 interiora
423 2817 543 2868 versus
584 2791 861 2892 propelluntur.
906 2797 1079 2896 Longiori

88 2941 174 2993 vero
203 2915 341 2989 incudis
366 2917 489 3003 cruri,
517 2915 727 2988 intermedio
754 2912 947 2990 lenticulari
973 2943 1074 3011 osse,

90 3037 250 3138 capitulo
270 3063 333 3110 suo
361 3050 474 3136 supas
501 3037 677 3135 affigitur,
708 3038 805 3131 cujus
832 3035 924 3108 basis
951 3039 1077 3138 implet

90 3158 280 3234 fenestram
308 3154 483 3245 ntalem,
511 3157 614 3255 eique
641 3155 820 3230 mobiliter
846 3157 884 3228 in
927 3158 1078 3238 circuitu

91 3293 143 3351 est
166 3273 348 3373 deligata(
364 3299 483 3350 xxxiv
502 3274 531 3373 l.
559 3275 656 3348 Dum
675 3288 839 3348 movetur
857 3301 943 3375 ergo
961 3301 1074 3350 mem·

92 3397 202 3470 brana
226 3395 421 3495 tympani,
451 3421 535 3468 cum
561 3391 678 3468 mallei
705 3394 920 3484 manubrio,
949 3407 983 3466 et
999 3419 1080 3468 eru·

92 3545 131 3592 re
156 3515 296 3594 incudis
322 3516 452 3616 longo,
469 3537 602 3590 ¹versus
628 3514 845 3604 vestibulum
872 3502 987 3614 {tapes
1013 3543 1081 3590 una

92 3636 304 3738 impellitur.
335 3702 338 3712 ,
486 3687 489 3696 ,

195 3751 451 3828 LXXXVllI.
482 3749 651 3828 Tendunt
678 3765 796 3848 autern
833 3748 1080 3838 haecomnia

94 3875 289 3951 introrsum
314 3874 427 3974 magis
449 3925 460 3962 ,
486 3872 544 3948 vel
571 3873 726 3964 minus,
768 3883 872 3970 prout
908 3869 1079 3965 impulsus

95 3996 188 4078 aiiris
213 3997 330 4094 major.
348 3997 535 4095 minorque
560 4006 627 4080 cst.v
652 3994 887 4108 lluictamcn
920 3988 1080 4106 introitus
1105 4033 1108 4040 ,

261 4145 265 4152 -
666 4121 678 4168 r
