2790 4872
570 461 688 557 (39)

124 647 163 700 ee
184 627 349 730 tympani
375 629 484 724 κὼς
513 629 574 714 illu
600 637 692 708 enim
718 657 780 734 per
804 637 1013 714 anteriorem
1040 669 1100 718 rn-

120 769 186 818 nue
212 743 336 820 taciem
363 775 571 844 excurrens,
599 752 643 826 nd
670 755 839 854 semigyri
861 755 972 828 ultimi
991 760 1109 835 acient

118 861 184 964 (a)
206 867 392 958 aseendit,
421 871 507 946 buee
532 875 703 970 posterius
729 876 873 964 relicta,
909 878 955 950 nd
995 903 1107 953 zonae
1164 937 1170 948 .

118 982 159 1054 in
197 983 413 1062 infundibuli
454 990 656 1092 perimente
697 993 829 1068 desinit
873 998 1105 1074 insertionem

118 1100 268 1204 (xvir).
297 1107 398 1198 Quae
422 1109 567 1190 insertio
593 1113 628 1184 in
655 1113 728 1211 ipsu
745 1115 913 1216 semigyri
931 1114 1047 1188 ultimi
1059 1109 1105 1220 pi

118 1219 237 1323 n'gine
263 1236 329 1312 est;
357 1229 422 1298 etri
448 1227 546 1303 aliter
563 1244 681 1304 eontra
698 1243 841 1305 naturae
858 1259 981 1306 vocern
995 1237 1059 1306 seri
1064 1263 1106 1337 p·

123 1343 236 1434 serit,
264 1359 300 1418 et
325 1347 476 1444 pinxerit
499 1350 773 1425 Gnssebobnrius
797 1351 868 1452 (b).
887 1353 981 1426 Hinc
1013 1351 1103 1428 dune

117 1456 207 1534 brec
234 1465 368 1562 primos
395 1461 691 1570 eocbleue'gyros
717 1475 913 1572 percurrit,
951 1469 1011 1544 illu
1051 1475 1106 1548 in·
1168 1505 1171 1514 ·

116 1594 262 1682 regrum
288 1607 427 1688 quoque
457 1589 690 1689 semigyrum.
705 1588 853 1664 recedit
869 1589 965 1692 quod
991 1605 1026 1666 et
1044 1591 1104 1666 hn-

116 1702 239 1776 mulus
266 1729 375 1778 zonae
400 1706 559 1808 (xvir),
588 1733 658 1807 quo
685 1731 722 1780 se
749 1720 926 1808 pestremo
944 1708 1104 1782 infundi-

117 1819 197 1896 buli
223 1824 345 1900 inserit
372 1827 604 1928 pavimento,
631 1853 731 1928 saepe
757 1855 800 1902 ex
827 1842 924 1930 perte
951 1826 1104 1904 inlundi·

116 1939 194 2015 buli
220 1967 375 2019 convexa
401 1945 490 2020 lucie
507 1949 564 2043 sit,
588 1973 631 2020 ex
647 1976 685 2022 en
713 1950 822 2023 scalae
842 1952 1006 2050 tymprni
1020 1979 1105 2026 cnu-

121 2086 238 2152 cuvn3
274 2060 403 2166 illeque
444 2078 627 2164 propterea
660 2091 742 2140 curn
766 2069 934 2140 continuo
975 2069 1105 2142 reclivi

119 2183 291 2285 semigyri
309 2187 524 2284 perimente,
543 2183 711 2284 ungulum
736 2183 915 2274 obtusum,
944 2181 1104 2258 humulus

119 2304 329 2404 intercipit.
359 2304 397 2378 si
421 2329 510 2404 ergo
532 2301 694 2374 humulus
719 2302 801 2402 gyri
843 2301 915 2375 albi
947 2300 1104 2375 luminae
1132 2336 1135 2342 ¹

118 2425 256 2522 epirnlis
285 2425 375 2498 liber
400 2425 439 2498 in
462 2421 688 2498 infundibulo
710 2419 934 2522 suspenditur
960 2420 1038 2521 (xv
1050 2423 1103 2522 .),·
1214 2409 1217 2424 ’

119 2545 170 2618 itu
211 2559 250 2618 ut
275 2549 366 2618 inter
391 2544 501 2644 bujun
515 2543 692 2638 luridum,
721 2555 755 2616 et
774 2541 957 2618 hamulum
973 2544 1106 2618 distun-

121 2669 170 2740 tin
197 2667 271 2755 sit,
298 2668 350 2744 uti
376 2677 410 2740 et
427 2667 513 2738 inter
540 2663 631 2738 hune
657 2676 693 2736 et
719 2663 1105 2764 cupulum(xrrr)il·

117 2787 211 2877 lins;
227 2801 332 2889 utque
357 2786 649 2868 eccedeusnnnue
664 2783 842 2874 humulus,
862 2785 973 2858 ueluti
994 2789 1117 2866 conti·¹

118 2909 242 2980 nuntio
268 2907 311 2980 sit
336 2903 468 2980 humuli
493 2905 642 2978 luminae
668 2899 804 3002 spiralis
821 2931 837 2994 3.
861 2902 963 2976 facile
990 2907 1108 2980 estin-

117 3024 309 3126 telligere‚
350 3025 442 3099 inter
468 3021 652 3100 hamulum
677 3021 828 3094 luminae
843 3076 854 3111 ,
870 3047 953 3094 curn
970 3020 1107 3124 reliquo
1140 3079 1145 3086 -

120 3171 232 3220 nonne
257 3145 431 3235 hamulo,
469 3159 505 3218 et
529 3143 671 3218 secundi
711 3143 792 3242 gyri
833 3143 1104 3242 pavimentum,

118 3265 215 3338 eireu
257 3265 356 3362 eujus
398 3277 556 3338 centrum
602 3260 736 3335 bamuli
775 3260 1005 3362 diriguntur,
1049 3263 1105 3336 di·
1177 3315 1179 3320 -

120 3386 291 3460 stantiam
316 3383 498 3486 relinqui,
524 3381 631 3456 kintu
655 3406 766 3484 prope
792 3381 1026 3484 triangulari
1068 3385 1106 3457 in

117 3503 339 3580 infundibuli
365 3506 452 3582 tubo
480 3517 672 3604 petentem.
702 3504 822 3578 Hiatui
851 3502 935 3578 huie
979 3529 1101 3604 margo

121 3621 348 3702 humulorum
373 3647 547 3700 concavus
572 3620 633 3694 det
657 3619 749 3694 latus
790 3622 979 3724 superins,
1023 3647 1109 3696 cen·

169 3795 219 3943 ii)
242 3851 325 3922 rau.
354 3877 383 3920 1.
424 3853 477 3944 eg.
502 3877 534 3946 7.
561 3849 594 3919 r.
641 3849 694 3940 fig.
719 3850 753 3919 e.
778 3846 811 3914 t.
837 3849 861 3915 r.

169 3957 220 4046 (b)
242 3955 315 4028 Lib.
353 3961 410 4028 eit.
444 3954 528 4028 Tau.
550 3961 599 4050 35.
