2756 4874
742 461 857 554 (58)

297 634 472 732 integram
499 637 672 726 occupat.
699 625 861 718 Quatuor
885 624 972 699 haec
1000 639 1132 701 constat
1148 629 1284 702 ossicu·

298 747 371 840 lis,
396 771 485 848 quae
511 760 583 819 tam
610 753 703 818 arcte
731 745 972 846 ligamentosis
998 745 1213 821 membranis
1230 749 1284 818 in-

299 871 415 945 ricem
440 868 622 938 commissa
649 877 745 954 sunt,
759 881 796 938 ut
813 867 962 966 primoa
989 867 1148 964 tympani
1166 893 1281 940 mern·

300 988 437 1079 brana,
465 991 525 1058 cui
550 985 744 1076 cohaeret,
773 986 958 1085 impulsu,
994 997 1216 1085 postremum
1260 1014 1282 1059 a

299 1105 454 1179 fenestra
480 1105 572 1178 ovali
598 1129 720 1180 versus
737 1104 952 1177 vestibulum
971 1103 1067 1180 illico
1083 1119 1279 1180 moveatur.

402 1222 581 1297 XXXIV.
611 1224 749 1297 Horum
777 1222 1011 1298 ossiculorum
1035 1223 1118 1298 haec
1136 1227 1283 1299 nomina

300 1358 407 1436 suut;
435 1347 592 1443 primum
620 1345 784 1418 malleus
808 1342 941 1417 dictum
959 1358 1023 1438 est,
1038 1345 1133 1418 aliud
1150 1351 1278 1438 incur,

305 1465 449 1536 tertium
476 1462 720 1550 orbiculare,
749 1478 912 1562 quartum
939 1481 1079 1563 stapes.
1107 1465 1279 1540 Omnium

300 1587 416 1681 majus
442 1582 602 1653 malleus
627 1595 705 1673 est,
733 1581 927 1683 oblongum
943 1605 1071 1684 nempe
1087 1583 1280 1658 ossiculum

301 1699 355 1771 ad·
372 1713 525 1799 quatuor
550 1725 660 1800 prope
685 1701 824 1792 lineas,
853 1727 918 1772 una
946 1701 1167 1775 extremitate
1187 1703 1282 1802 capi·

299 1833 440 1906 tatum,
468 1817 575 1893 altera
604 1821 639 1892 in
673 1821 834 1913 caudam,
855 1843 895 1896 ac
921 1821 1284 1897 veluti-manubrium

301 1938 506 2030 desinente3
534 1965 604 2040 qua
631 1938 702 2012 sola
729 1955 826 2041 parte
852 1940 1078 2014 membranae
1117 1946 1280 2041 tympani

299 2062 482 2163 alligatum
510 2074 591 2149 est,
618 2061 663 2134 ab
689 2059 848 2160 ejusdem
873 2063 1044 2159 superiori
1062 2064 1223 2162 margine
1239 2063 1283 2138 ad

300 2194 475 2257 centrum.
503 2183 618 2279 Caput
643 2183 738 2258 enim
767 2181 978 2254 eminentius
1004 2195 1058 2253 est
1083 2207 1123 2254 ac
1140 2195 1285 2280 tympa-

299 2327 384 2386 num
410 2328 530 2376 rersus
555 2315 790 2376 recurvatum.
820 2300 916 2373 Huic
943 2302 1037 2393 ossi,
1058 2315 1196 2399 praeter
1212 2305 1280 2376 mi-

300 2426 436 2496 nimam
462 2423 692 2496 eminentiam
718 2445 737 2491 a
763 2421 966 2493 summitate
995 2419 1180 2495 manubrii
1219 2445 1282 2496 ex·

299 2553 454 2613 trorsum
481 2551 608 2622 natam,
625 2540 859 2638 tympanique
871 2537 1100 2612 membranae
1117 2541 1284 2632 infixum,

297 2681 480 2762 processus
509 2655 654 2758 quidam
679 2659 833 2730 anterius
858 2655 959 2730 datus
977 2671 1039 2730 'est
1062 2655 1148 2734 duas
1166 2673 1284 2736 tresve

298 2776 409 2852 lineas
436 2785 588 2880 longus,
613 2781 650 2852 in
677 2780 749 2852 leta
774 2781 917 2869 tenuis,
951 2779 989 2850 iu
1017 2776 1169 2854 formam
1205 2783 1280 2883 spi·

299 2922 367 2972 rrae
392 2898 566 3000 pisciculi,
585 2899 730 2973 crassior
747 2897 951 2998 firmiorque
966 2900 1001 2970 in
1019 2897 1154 2984 adulto,
1170 2923 1284 2998 quem

299 3019 344 3094 ab
368 3023 553 3096 inventore
592 3043 813 3119 processum
852 3019 1040 3092 Foliauum
1081 3018 1281 3117 appellant.

297 3141 364 3216 llic
388 3145 532 3242 proprio
558 3140 754 3216 canaliculo
782 3138 972 3242 suscipitur
1014 3152 1049 3211 et
1083 3139 1273 3229 firmatur,

297 3263 346 3338 ita
371 3277 491 3336 umen
516 3276 556 3336 ut
581 3263 759 3362 permittat
784 3264 877 3336 circa
904 3283 943 3332 se
969 3259 1139 3335 malleum
1175 3261 1284 3333 tanti·

299 3405 379 3480 sper
405 3381 607 3453 dimoveri.
636 3383 721 3474 Quo
757 3381 796 3452 lit
823 3395 862 3458 ut
887 3379 934 3452 ab
957 3379 1049 3450 aeris
1088 3391 1186 3451 motu
1213 3380 1284 3451 im·

298 3499 403 3596 pulsa
428 3499 633 3574 membrana
650 3498 850 3600 tympani,
879 3497 965 3576 dum
982 3497 1211 3570 manubrium
1224 3500 1283 3570 in·

298 3629 454 3690 trorsum
480 3643 600 3690 secum
625 3617 822 3720 protrahit,
849 3619 896 3692 ob
920 3616 1014 3690 hunc
1053 3635 1286 3718 processum,

302 3737 366 3838 qui
391 3739 467 3809 axis
493 3737 650 3837 fungitur
672 3737 816 3830 officio,
854 3740 949 3812 circa
984 3764 1090 3838 quem
1131 3738 1284 3812 malleus

295 3859 481 3959 agitatur,
510 3871 612 3957 caput
639 3860 764 3934 eodem
788 3873 948 3959 tempore
983 3872 1102 3956 vergat
1142 3871 1280 3934 extror-

300 4005 391 4056 sum.
420 3979 487 4055 Est
513 4004 597 4062 nero
613 3994 729 4084 'caput
754 3979 872 4058 mallei
886 3981 1021 4056 incudi
1039 3977 1285 4074 articulatum,
