2756 4874
516 442 636 540 (⁵⁷)

76 612 258 714 recipmca
283 609 462 714 duplicata
487 609 732 688 distantiarum
748 613 896 703 ratione,
915 615 965 690 uti
985 614 1062 692 eri·

75 735 128 808 cit
152 733 307 808 ioannes
333 731 476 826 Kailios
500 729 571 833 (c).
589 729 644 806 Ut
670 753 713 807 ex
737 729 808 808 hoc
832 757 919 810 vero
935 759 1070 812 sonum.

75 853 324 946 hauriremus,
351 853 551 956 elegantem
576 855 613 926 iu
640 851 743 927 uobis
780 858 877 930 viam
914 855 1069 935 subrele-

76 978 159 1065 eit,
187 1001 277 1074 quae
303 977 415 1075 ipsius
439 976 530 1053 ae'ris
555 986 728 1052 tremores
743 977 983 1054 viridissimas
998 1000 1072 1054 rtr-

79 1108 165 1184 ιιι,
193 1109 228 1168 et
253 1095 356 1170 molli
373 1097 473 1170 uerri
489 1097 634 1174 acustici
648 1097 777 1199 pulpae
793 1097 951 1198 integros
967 1123 1068 1174 com·

78 1219 251 1292 manicat.
280 1217 350 1290 Per
374 1217 567 1292 auriculam
590 1241 734 1317 nempe,
748 1234 783 1292 et
810 1219 842 1292 ei
858 1220 1069 1296 contionum

79 1335 297 1412 auditorium
323 1350 509 1430 meatum,
537 1338 583 1416 ad
607 1339 889 1416 membranulam
926 1351 1078 1416 tenuem.

82 1473 294 1558 tensamque
320 1457 457 1557 figurae
483 1485 594 1559 prope
619 1459 760 1550 oralia,
790 1461 955 1536 intimum
974 1483 1070 1536 mea·

85 1595 143 1655 tus
170 1579 279 1654 finem
306 1577 440 1678 absque
476 1577 571 1655 hiatu
607 1581 681 1660 ullo¹
721 1579 974 1670 claudentem,
1014 1578 1074 1656 cui
1170 1601 1173 1606 ·

82 1697 329 1774 membranae
354 1701 530 1798 tympani
555 1723 686 1774 nomeu
713 1714 782 1785 eat,
809 1725 889 1800 pars
906 1697 994 1774 moti
1010 1703 1074 1772 ai'·

81 1819 128 1892 ric
157 1820 348 1916 parvenit,
377 1821 403 1890 si
432 1821 522 1896 iutra
548 1815 733 1918 sphaeram
760 1843 924 1894 sonoram
959 1818 1105 1894 home·

83 1937 157 2028 sit,
187 1938 291 2036 eique
317 1937 490 2034 impetum
516 1960 536 2009 a
562 1961 691 2011 sonoro
720 1961 867 2035 corpore
884 1951 1076 2037 acceptum

87 2058 342 2135 communicat.
372 2056 445 2147 Qui
470 2069 512 2130 ut
539 2056 584 2131 ab
610 2080 651 2131 ea
676 2055 723 2133 ad
751 2057 969 2137 vestibulum
993 2083 1076 2158 per·

86 2179 269 2267 ducatur,
308 2203 370 2274 per
404 2177 652 2276 interpositam
688 2178 850 2276 tympani
886 2176 1077 2256 cavitatem

91 2297 255 2401 ejusdem
280 2299 419 2396 integra
436 2299 488 2372 via
505 2307 558 2368 eat
574 2294 821 2378 annuntianda.
840 2295 982 2370 Etemm
995 2306 1079 2394 post

92 2429 188 2504 hauc
214 2421 459 2499 membranam
484 2419 699 2496 subnotanda
726 2418 927 2492 est-cavitas
944 2417 980 2490 in
997 2437 1078 2492 oete

90 2561 260 2626 excavata
300 2544 528 2620 membranae
564 2539 815 2626 concentum,
858 2557 1081 2646 tympanum

93 2669 261 2770 Faliupio
287 2665 410 2753 dicta;
438 2665 537 2761 cujus
562 2663 642 2736 linis
666 2659 726 2736 vel
752 2649 880 2736 suudua
905 2659 1012 2764 (ιι),
1037 2663 1078 2740 in

91 2818 164 2893 quo
193 2787 343 2864 fenestra
369 2782 479 2860 oratis
505 2783 606 2858 adeat
629 2777 763 2854 ducens
787 2777 834 2854 ad
867 2779 1082 2856 vestibulum

92 2911 201 3014 (ιι,
234 2905 366 3008 ιιι),
393 2903 581 3007 parallelus
606 2915 661 2975 eat
685 2899 913 2976 membranae
938 2914 1082 3002 tympa-

95 3033 164 3121 ni,
192 3029 326 3130 vixque
352 3026 438 3100 duaa
464 3025 509 3098 ab
535 3049 575 3096 ea
604 3023 717 3096 lineas
739 3021 858 3098 distat.
875 3019 929 3096 Ut
945 3023 999 3096 vis
1015 3021 1083 3121 igi-

94 3168 153 3230 tur
177 3151 333 3250 impetur
360 3147 450 3220 aeria
474 3173 495 3219 a
521 3145 684 3243 tympani
709 3141 915 3218 membrana
942 3139 987 3214 ad
1022 3163 1086 3216 re·

100 3269 276 3346 atibulum
302 3265 546 3366 pertingeret,
574 3263 806 3340 ossiculorum
848 3274 1010 3337 catenam
1046 3260 1084 3338 in

93 3386 316 3496 [intermedio
342 3391 455 3486 spatio
479 3419 607 3468 aarum
632 3383 849 3474 collocavit,
888 3385 988 3484 cnjus
1013 3411 1084 3460 uua

99 3511 303 3588 extremitas
327 3509 552 3586 membranae
575 3505 739 3610 tympani
780 3503 930 3578 firmiter
964 3504 1088 3606 alliga·

103 3647 191 3718 tun,
218 3627 328 3708 altera
354 3627 540 3705 leneatram
567 3629 707 3706 ovalem
732 3623 856 3705 mobili
871 3626 1087 3698 connexione

143 3808 619 3955 (annunciantium.
664 3879 696 3944 p.
733 3877 774 3920 m.
803 3851 866 3938 ιι,
911 3853 962 3922 ιε.
995 3851 1086 3928 ιιι.

189 3991 256 4040 ram
280 3971 457 4062 Papium.
470 3960 561 4039 Iacet.
584 3985 615 4033 1.
660 3960 794 4039 Batarec
822 3961 918 4060 ηαδ.
