2790 4872
514 437 629 532 (tr)

83 627 209 680 versus
233 563 446 678 contendere
470 599 559 678 ridi.
588 602 726 678 Verum
750 601 901 678 modioli
927 627 972 688 ex
997 625 1076 704 per·

86 737 122 796 te
143 719 312 796 cochleae
338 721 540 820 superficies
565 718 611 794 ad
636 747 743 822 quum
782 719 952 796 foramina
996 745 1075 823 spe·
1101 719 1113 752 '¹

86 855 215 930 ctont,
240 863 311 912 non
351 839 400 912 ita
442 838 677 940 irregulariter
701 865 820 940 aspera
845 855 925 931 est,
953 865 1076 944 quem·

92 958 289 1034 admodum
315 957 521 1035 aduttorum
546 959 712 1034 cochleae
753 961 971 1050 ostendunt,
1013 957 1079 1035 sed

83 1075 277 1152 trabeculis
302 1075 376 1152 hosi
401 1075 574 1152 cochleae
603 1079 952 1178 perpendicularibus
968 1080 1081 1154 dona·

82 1209 136 1287 ta,
167 1198 338 1300 parallelo
364 1199 482 1274 vicino
508 1199 627 1302 positu
652 1198 849 1301 dispositis.
868 1203 942 1276 Has
959 1225 1082 1302 super·

82 1319 215 1394 nllusus
246 1345 362 1392 osseus
378 1341 503 1392 soccus
519 1314 675 1392 occultat
691 1320 727 1392 in
745 1316 886 1410 adultis,
919 1331 955 1390 et
971 1318 1082 1392 maxi·

84 1465 144 1518 me
170 1441 375 1539 conspicuos
401 1439 491 1514 letus
517 1439 695 1514 offerunt.
722 1443 804 1534 Quo
830 1439 870 1512 fit
897 1437 1010 1514 utdiu
1026 1441 1094 1512 in·x

86 1575 203 1632 certus
229 1557 418 1642 haeream,
445 1586 489 1633 an
517 1584 578 1657 per
604 1559 701 1632 oxirn
718 1561 885 1662 cujusque
922 1559 1083 1632 trahecn·

87 1679 154 1770 lae,
174 1707 264 1780 quas
278 1680 444 1780 deinceps
460 1683 662 1756 rotumnas
679 1677 819 1756 scotos
833 1685 1007 1780 tympani
1023 1707 1083 1780 op·

86 1797 256 1898 pellobo‚
284 1826 328 1872 nn
353 1825 417 1898 per
442 1827 562 1874 earum
587 1798 782 1874 intervella
798 1801 896 1872 nervi
924 1798 968 1872 nd
1007 1801 1080 1899 spi-

85 1921 198 1996 rnlem
224 1920 391 1996 laminam
420 1919 688 2020 perducantur.
721 1921 925 1996 Continuori
963 1933 1083 1996 tameo

84 2037 154 2116 hos
179 2066 374 2116 nervorum
399 2040 524 2116 ductus
550 2067 631 2115 cum
657 2039 859 2116 canaliculis
898 2039 987 2114 inter
1026 2039 1081 2112 la·

12 2187 14 2196 ⁸
87 2163 211 2236 minoe
235 2161 422 2262 descriptis
449 2161 540 2259 (xrr
566 2162 605 2262 );
635 2186 766 2262 perque
791 2161 860 2234 hos
886 2159 931 2237 ad
970 2162 1081 2236 inter·

88 2279 227 2358 vallum
253 2305 364 2358 conoe
389 2279 556 2358 cochleae
583 2297 776 2354 nervorum
802 2277 958 2354 ramulos
983 2292 1084 2352 uon·

87 2399 191 2489 sire,
218 2399 282 2472 etsi
308 2425 372 2502 pro
400 2424 538 2476 summa
563 2400 734 2475 tenuitate
759 2423 880 2474 rerum
918 2423 989 2472 non
1027 2399 1085 2475 ri·

91 2519 196 2594 dcam
223 2521 447 2622 inspexisse,
475 2531 570 2595 extra
598 2543 704 2592 omne
718 2532 837 2592 tamen
864 2515 1013 2594 dubium
1028 2541 1108 2590 es-.

92 2643 158 2716 reri
186 2666 290 2742 posse
316 2625 435 2716 eredo.
463 2641 567 2716 Ultro
592 2639 639 2714 de
664 2638 731 2714 hoc
757 2661 864 2712 nervo
897 2663 955 2712 me
995 2635 1087 2712 nihil

98 2763 188 2860 scire
215 2764 373 2836 sincerus
401 2761 527 2838 fateor.

186 2880 336 2954 XXVI.
364 2881 613 2980 Superioribus
637 2907 724 2959 vero
762 2881 940 2960 fasciculis
982 2885 1086 2964 nervi

90 2993 212 3072 mollis
236 2995 328 3072 duae
352 3001 562 3100 praecipuae
588 3001 777 3076 distinctae
804 3001 905 3078 sedes
940 3003 976 3078 in
1020 3031 1085 3080 eo·

89 3116 175 3196 dem
202 3121 358 3194 termino
382 3119 511 3196 canalis
536 3123 736 3198 communis
762 3119 997 3200 destinantur.
1036 3128 1086 3202 Et

90 3241 263 3326 anteriori
290 3239 430 3342 quidem
457 3241 560 3318 sedes
587 3245 736 3318 minima
762 3241 879 3335 datur,
898 3269 989 3348 quae
1005 3275 1088 3348 pro·

90 3384 136 3458 pe
162 3360 338 3463 originem
364 3363 603 3464 aquaeductus
629 3363 778 3464 Fallopii
805 3365 940 3466 (uir)
979 3393 1089 3470 supe·

90 3477 164 3552 rior
188 3482 349 3554 omnium
376 3482 652 3584 profundiorque
676 3497 743 3558 est.
771 3481 829 3558 Ab
855 3509 895 3558 ee
928 3485 968 3556 in
1009 3487 1086 3566 fetu

92 3595 199 3670 tubus
222 3599 348 3698 incipit
372 3587 540 3700 peculiiri
573 3614 663 3704 testa
703 3599 901 3692 formatus,
943 3605 1006 3706 qni
1048 3607 1087 3688 in

85 3717 168 3818 ipso
194 3721 363 3796 anteriori
389 3736 550 3798 extremo
574 3723 708 3798 canolis
734 3724 867 3796 externi
891 3723 973 3824 (rx)
1007 3707 1088 3827 per-

88 3850 215 3936 manet
239 3837 310 3910 line
333 3863 439 3914 coeco
464 3867 475 3930 3
499 3844 536 3916 iu
561 3841 682 3916 adulto
708 3856 846 3942 praeter
880 3843 1086 3948 profundiup

90 3947 252 4034 tormen
278 3975 443 4038 centrum
468 3959 561 4040 sedis
586 3987 793 4064 occupans,
818 3959 989 4040 foramina
1001 3989 1090 4075 prr..
