2756 4874
720 468 836 560 (bl)
883 539 884 542 a
1191 577 1193 584 y

285 645 449 746 qnando,
468 661 506 720 ut
523 701 532 734 ,
551 641 607 718 vel
632 638 829 714 tenerrimis
844 631 1021 708 cellulosis
1048 627 1118 703 filis
1144 629 1278 702 cavitas
1367 705 1368 736 ἶ

291 765 354 838 ista
383 768 523 863 trajecta
549 765 617 852 sit,
644 759 702 836 rel
730 753 973 830 incredibilem
1001 747 1277 846 amplitudinem

290 873 519 960 nanciscatur.
550 883 646 960 Talis
671 879 759 954 milri
786 902 923 976 nuper,
947 899 1024 946 earn
1053 870 1277 946 auditoribus
1367 902 1368 918 ι

283 1006 573 1096 demonstranti,
615 1005 688 1080 visa
716 1013 789 1072 est:
832 995 1000 1096 trianguli
1027 1019 1179 1096 namque
1205 991 1278 1063 for·
1367 1037 1368 1044 ι

289 1160 389 1211 mam
415 1131 599 1221 referebat,
626 1131 725 1226 cnjus
744 1131 818 1194 erat
833 1123 870 1192 in
888 1121 977 1191 rima
996 1112 1111 1209 (ιιι)
1138 1125 1277 1194 vertex,
1367 1133 1368 1160 ³

292 1254 385 1326 basis
411 1279 496 1328 vero
523 1255 557 1326 iu
584 1249 748 1350 proximo
775 1241 934 1342 margine
977 1236 1098 1310 foveae
1116 1232 1282 1332 ¹sigmoi-

292 1374 392 1462 deae,
410 1385 524 1445 tantae
540 1365 795 1470 longitudinis,
815 1375 855 1435 ut
872 1371 951 1434 octo
969 1359 1078 1430 lineas
1091 1361 1275 1453 aequaret.

287 1506 301 1534 ⁸
395 1492 515 1564 LXll.
544 1485 818 1585 Quae'omnia(
837 1509 937 1567 ιιι,
965 1503 1032 1550 uxr
1055 1475 1071 1576 )
1091 1529 1101 1562 ,
1119 1471 1281 1572 quisquis

294 1641 377 1687 cnm
403 1611 476 1709 ipsa
502 1621 621 1681 natura
648 1605 806 1680 conferre
834 1597 998 1700 cupierit,
1025 1619 1106 1668 meo
1131 1589 1278 1692 quidem
1367 1649 1368 1662 ,

296 1731 452 1833 jndicio,
479 1728 544 1801 bac
572 1731 609 1800 in
626 1721 852 1800 observando
879 1718 1000 1820 regula
1026 1729 1142 1789 utatur
1177 1711 1283 1809 opor·

296 1866 359 1924 tet.
388 1848 626 1923 Circumcidat
651 1847 767 1947 primo
792 1841 978 1917 calvariam
999 1839 1012 1930 ,'
1037 1839 1183 1936 ejusque
1201 1856 1282 1904 cae-

296 1973 371 2046 lum
400 1971 553 2046 evellat.
583 1970 639 2044 Ne
665 1994 749 2043 vero
776 1979 919 2065 propter
962 1973 1126 2034 tenacem
1165 1953 1279 2028 durae

284 2093 425 2170 matris
464 2089 728 2191 colligationem
776 2085 820 2158 ad
866 2107 923 2155 eas
963 2091 1144 2165 suturas,
1187 2099 1281 2178 quae
1367 2113 1368 2122 ι

298 2211 434 2282 caelum
461 2205 529 2281 boc
557 2218 793 2306 percurrunt,
819 2198 963 2275 insimul
990 2196 1168 2270 attollatur
1190 2193 1282 2268 hace

283 2329 532 2418 membrana,
560 2322 816 2422 ‹livellaturque
841 2347 860 2392 a
886 2319 961 2391 basi
987 2317 1183 2392 calvariae:
1212 2339 1284 2414 qua

295 2449 528 2537 divulsione,
559 2471 622 2544 pro
650 2445 720 2536 iis,
746 2466 837 2542 qnae
867 2440 1053 2522 diximus,
1089 2437 1287 2512 observan-

237 2567 240 2579 “
297 2565 382 2655 dis,
412 2563 499 2648 nihil
527 2565 709 2637 nocentius
736 2561 859 2636 baberi
884 2583 986 2658 posse
1021 2557 1187 2631 viderur:
1216 2558 1285 2631 cir·

297 2686 451 2758 cunreisa
474 2685 544 2780 jam
570 2681 718 2756 calvaria
743 2707 814 2753 non
842 2679 961 2753 statim
989 2675 1173 2751 evellenda
1199 2689 1282 2765 est,

294 2800 363 2898 ‚sed
392 2829 454 2900 pcr
471 2803 633 2875 sectionis
658 2801 779 2874 locum
794 2780 905 2871 culter
922 2795 1111 2898 profunde,
1128 2796 1287 2870 adcere·
1367 2791 1368 2868 J

299 2919 405 2994 brom
432 2946 573 3022 usque,
602 2917 795 3018 adigendus
822 2931 896 3007 est,
925 2943 1037 3016 eoque
1054 2913 1290 2990 discindenda

152 3058 187 3104 .'
300 3041 437 3113 totuin
464 3039 598 3112 ambitu
625 3037 710 3110 dura
739 3051 878 3126 mater,
908 3050 943 3106 et
968 3035 1151 3134 cumipse
1176 3033 1287 3108 disse·
1367 3041 1368 3046 ’

300 3175 357 3233 cto
383 3160 556 3234 calvariae
581 3159 679 3234 caelo
706 3157 908 3231 auferenda.
938 3156 1115 3230 Relictam
1132 3153 1288 3230 indece-

296 3282 444 3360 rebrum
471 3279 746 3370 extrahendum,
789 3280 1024 3378 separatisque
1070 3279 1230 3352 tentoriis
1269 3307 1290 3352 a

301 3403 474 3500 superiori
500 3403 629 3502 angulo
655 3401 743 3471 ossis
770 3398 929 3497 petrosi,
961 3423 1031 3470 nna
1056 3396 1291 3472 auferendum

291 3517 612 3608 cerebellum-lta
637 3515 733 3591 enim
759 3518 866 3590 cranii
914 3515 1007 3588 basis
1047 3518 1135 3590 dura
1176 3511 1290 3592 matre
1355 3523 1358 3528 ’

300 3640 422 3718 induta
450 3644 584 3742 integra
609 3653 803 3728 remanet,
831 3640 866 3710 in
893 3664 961 3738 qua
978 3691 988 3725 ,
1006 3656 1080 3735 ‘per
1106 3636 1196 3711 latus
1223 3665 1290 3738 po·

300 3760 425 3846 sterius
450 3759 537 3832 ossis
563 3759 723 3859 petrosi,
750 3755 906 3831 indicem
930 3755 1126 3848 versando,
1155 3753 1287 3832 rimato

305 3893 445 3979 oportet
472 3864 634 3954 invenire
659 3879 674 3979 (
693 3907 765 3956 ιιι
782 3879 797 3976 )
815 3931 824 3964 ,
841 3903 931 3980 quae
957 3901 1105 3969 osseam,
1117 3881 1287 3954 terminat

302 4002 540 4103 aquaeductus
557 4017 715 4102 partem.
743 3998 864 4100 Facile
891 4013 1009 4078 autem
1034 4001 1131 4078 rima
1150 4001 1289 4081 inveni·
