2756 4874
679 341 797 506 iia>

277 607 474 690 nunquam
500 583 631 657 deesse
657 577 910 654 animadverti
922 604 932 667 ;
951 603 1074 681 eaque
1088 603 1171 656 esse
1195 604 1259 655 so·
1364 597 1365 600 ’

277 711 329 782 let
354 702 642 806 magnitudine,
669 715 710 774 ut
734 696 915 788 cuilibet,
941 698 1007 772 vel
1031 723 1108 776 uon
1133 702 1262 801 '‘quae-
1365 753 1366 758 ,

276 833 417 914 situm,
444 845 513 921 per
554 846 597 896 se
628 826 666 892 in
695 819 827 894 oculos
863 823 1038 894 incurrat
1065 843 1075 908 3
1102 839 1261 918 quamo-

277 947 379 1024 brem
403 971 479 1022 non
507 941 706 1022 ridebatur
730 944 943 1038 promiscue
967 943 1067 1012 inter
1085 931 1261 1035 forami·

274 1071 404 1157 nula,
431 1083 501 1141 aut
526 1089 603 1140 non
628 1078 846 1163 perpetua,
874 1076 945 1134 aut
967 1062 1084 1162 longe
1109 1067 1263 1136 minora

273 1187 574 1288 proponendum.
602 1181 638 1258 A
663 1207 721 1255 me
747 1184 835 1256 olim
875 1182 915 1270 in
955 1177 1107 1254 theatro
1147 1178 1264 1256 simul
1368 1175 1369 1182 '

275 1333 362 1384 cum
387 1312 576 1396 caeteris,
604 1307 651 1380 de
676 1303 810 1407 quibus
835 1327 954 1402 supra
981 1303 1080 1391 illoti,
1107 1303 1264 1376 demon·
1369 1361 1370 1366 ,

275 1445 437 1504 stratum
463 1445 518 1500 est
537 1468 558 1513 ,f
574 1426 758 1524 trianguli
766 1425 903 1512 forma
930 1427 1099 1498 occurrit
1141 1446 1263 1520 prope

280 1525 365 1621 eam
392 1572 500 1620 oram
526 1543 636 1646 liujus
662 1546 803 1632 orificii
826 1542 980 1616 canolis
1011 1547 1260 1634 communis,

276 1691 378 1767 quae
402 1670 588 1762 parietem
615 1663 793 1740 vestibuli
822 1664 1037 1738 interiorem
1077 1665 1257 1760 attingit.

275 1785 374 1884 Ejus
400 1786 581 1884 trianguli
621 1799 764 1859 vertex
791 1782 847 1854 od
879 1781 1046 1854 eumdem
1083 1781 1262 1856 canalem

273 1913 462 2005 pertinet,
490 1921 531 1979 ut
556 1907 746 1978 interdum
779 1928 850 2004 per
872 1898 987 2002 hujus
1013 1905 1261 2006 intimomja·

275 2030 368 2099 ciem
393 2028 607 2120 promineat
632 2047 764 2098 osseus
777 2019 924 2122 fornix
940 2018 1061 2098 'breuis
1086 2023 1207 2098 tubuli
1219 2031 1262 2100 in

276 2143 321 2217 id
330 2145 513 2232 foramen
540 2143 763 2218 desinentis.
797 2142 923 2216 Crura
943 2159 1069 2216 autem
1085 2151 1264 2246 triangu-

276 2263 316 2338 li
332 2259 484 2362 singula
500 2267 538 2335 in
555 2264 730 2362 singulas
744 2287 877 2335 osseas
886 2267 1122 2358 prominulas
1134 2267 1263 2346 lineas

275 2385 470 2483 producta
509 2383 719 2456 secundum
745 2387 902 2456 interius
928 2402 1128 2460 extremum
1154 2390 1263 2461 cavi-

277 2507 374 2578 tatis
399 2505 642 2593 semiooalis,
671 2518 706 2574 et
744 2507 990 2601 posteriorem
1028 2501 1262 2592 hemisphae-

275 2626 385 2697 ricae
410 2625 632 2721 marginem,
649 2647 721 2721 per
743 2607 960 2696 interiorem
975 2622 1152 2697 vestibuli
1167 2650 1260 2721 par-

189 2797 192 2812 .
284 2761 357 2819 tem
384 2742 681 2834 descendentes,
710 2740 911 2842 oblongum
947 2746 1259 2836 semicanalem,

280 2887 351 2938 sea
376 2870 504 2938 mavis
530 2863 705 2950 sulcum,
733 2865 1008 2959 intercipiunt,
1049 2869 1117 2962 qui
1157 2860 1267 2938 tana

180 3047 183 3060 .
278 3003 376 3056 ruro
416 2977 740 3082 infrapropriam
765 2979 925 3082 majoris
968 2984 1123 3058 canalis
1157 2985 1265 3082 orifi-

278 3104 378 3177 cium
402 3123 444 3175 se
470 3098 669 3194 irssectenc
694 3105 736 3172 in
763 3099 912 3192 orfficio
930 3097 1110 3174 cochleae
1134 3123 1262 3200 poste·

276 3225 357 3297 rius
384 3221 535 3295 desinit.
564 3220 678 3294 Hunc
703 3225 742 3293 in
767 3217 906 3320 quibus
943 3224 1067 3320 magis
1110 3230 1262 3322 conspi-

204 3435 208 3445 ·
278 3364 376 3417 cuns
404 3335 531 3442 suerit
565 3337 679 3438 (nec
704 3342 802 3413 enim
844 3342 885 3410 in
928 3337 1101 3414 omnibus
1136 3365 1261 3443 aeque

278 3476 336 3550 est
362 3457 379 3560 )
404 3462 609 3534 cavitatem
649 3461 794 3556 poteris
831 3458 1088 3558 sulcyormcm
1125 3463 1260 3562 appel.

276 3579 387 3656 lare.

375 3697 494 3774 LVII.
523 3700 622 3774 Hanc
649 3698 830 3776 foraminis
855 3698 1129 3808 descriptionem
1169 3701 1260 3778 odeo

274 3829 447 3905 naturae,
472 3817 668 3890 innumeris
695 3817 797 3920 plene
839 3819 914 3893 vidi
955 3820 1261 3898 observationibus

279 3963 494 4034 consonam,
527 3949 567 4010 ut
590 3933 736 4040 pinoter'
766 3965 877 4043 pauca
916 3941 1091 4039 omnino,
1139 3944 1190 4022 nil
1214 3945 1262 4025 od
