2760 4874
495 475 610 550 'DE

242 653 909 822 inruouuu

109 1015 164 1075 AD
196 1021 384 1082 ΟΡΤΙΜΑΜ
415 1021 679 1084 nescientem
720 1017 1053 1084 mmmmm

381 1267 769 1360 ORATIO.

347 1562 817 1635 ww*-

137 1972 171 2046 1·
202 1871 280 2054 Si
305 1979 395 2052 mihi
420 1983 602 2078 A.pnrum
626 1979 774 2052 luissent
789 1992 968 2076 comperta
992 2003 1077 2050 cum
1204 2046 1208 2056 ,

83 2093 223 2168 indoles
250 2103 390 2201 egregia
416 2116 553 2176 nostroe
577 2101 791 2197 juventutis,
808 2113 885 2194 tum
899 2099 1076 2197 optimum

83 2215 298 2318 ingenium,
326 2235 431 2320 atque
471 2220 533 2293 ad·
557 2245 700 2292 omnem
736 2217 877 2292 laudem
917 2215 1074 2308 lactum;

85 2349 119 2405 et
147 2337 175 2407 si
202 2341 472 2436 praeteritorum
514 2354 716 2442 temporum
752 2337 911 2438 exempla
938 2361 1010 2411 non
1035 2362 1076 2411 a·

85 2455 205 2527 hunde
231 2459 485 2550 ostendissent,
512 2485 580 2560 qua
608 2460 765 2548 virtute,
785 2469 889 2558 atque
916 2470 1077 2530 constan·

86 2577 160 2664 tia,
188 2577 224 2646 in
252 2577 421 2652 univorsis
445 2577 564 2668 belli,
592 2592 628 2650 et
667 2576 762 2674 pacis
797 2575 931 2649 artibus
970 2572 1081 2647 nostri
1204 2619 1214 2632 -

85 2690 251 2765 homines
276 2695 536 2770 excelluerint:
563 2693 719 2795 prolecto
745 2693 809 2766 hac
848 2693 939 2784 die,
977 2717 1079 2794 qua,

86 2837 185 2884 more
211 2814 441 2916 institutoque
464 2820 670 2914 majorum,
699 2815 848 2889 solemni
874 2817 945 2888 ritu
963 2827 1014 2886 est
1030 2811 1078 2886 do

87 2933 255 3028 sapientia
282 2933 497 3024 dicendum,
525 2939 640 3008 omnia
668 2935 891 3036 eloquentiae
907 2933 1081 3034 praesidia

86 3049 359 3139 adhibuissem,
388 3079 457 3153 quo
490 3055 603 3128 studio
639 3053 861 3144 litterarum,
897 3079 988 3154 quae
1028 3077 1081 3124 sa·

90 3171 261 3267 pientiam
288 3173 413 3264 alunt,
441 3199 505 3275 pro
530 3175 704 3274 dignitate
729 3173 935 3264 laudando,
963 3197 1085 3246 earum

92 3287 282 3385 cupiditate
306 3292 473 3388 juvenum
516 3293 653 3366 animos
693 3289 951 3382 accenderem,
978 3306 1085 3395 atque

92 3405 337 3504 adoptimum
363 3412 583 3510 disciplinam
609 3409 813 3484 incitarem.
843 3411 915 3485 Sed
951 3412 1085 3485 linens

94 3523 322 3618 laudabunt,
350 3543 384 3602 et
410 3557 473 3630 pro
499 3531 637 3630 ingenti
662 3553 836 3617 munere,
861 3555 932 3632 quo
956 3529 1084 3604 huma·

89 3644 232 3718 nitatem
264 3646 400 3740 beant,
429 3650 545 3726 verbis
584 3647 782 3739 extollent,
825 3651 891 3748 qui
932 3632 1084 3721 dixerint

92 3765 185 3863 apud
209 3782 362 3868 gentos,
391 3797 479 3871 quae
504 3771 559 3845 vel
586 3795 767 3870 nunquam
792 3768 992 3842 litterarum
1018 3793 1083 3842 no·

91 3905 171 3953 men
197 3883 426 3978 audiverint,
454 3891 510 3965 rel
537 3889 699 3962 diuturna
743 3891 882 3992 ignavia
909 3889 1080 3988 deprave-

93 4013 148 4070 tae
173 4003 211 4074 in
238 4003 381 4084 illarum
405 4009 599 4086 inciderint
620 4007 922 4089 desuetudinem
949 4031 1017 4081 nos
1040 4007 1080 4083 in
