2756 4874
524 451 539 540 t
565 391 619 520 ιοί
644 451 659 541 )

74 613 209 717 pressio
235 613 402 690 omnibus
428 618 502 710 ejus
535 614 704 691 lateribus
741 613 958 692 mercurium'
995 639 1057 718 ap·

75 737 208 835 plicat,
237 740 425 837 omniaque
450 737 590 811 vascula
615 735 699 808 inde
724 747 799 808 orta
824 735 966 835 replet3
996 737 1060 815 ubi

76 878 157 927 vero
185 881 312 955 magua
338 867 416 940 est,
444 857 504 931 vix
544 854 582 926 in
623 879 694 926 uno
726 855 884 928 caritatis
925 855 1060 954 angulo

75 977 242 1049 mercurii
269 976 379 1050 moles
405 975 576 1048 contineri
603 987 744 1075 potest,
786 999 852 1048 nec
890 999 968 1076 spes
1005 987 1060 1048 est

77 1119 117 1166 eo
145 1093 229 1166 inde
253 1094 355 1194 pulso
393 1096 510 1170 omnia
541 1093 731 1194 exorientia
769 1092 907 1174 vascula
946 1095 1061 1197 reple-

75 1215 248 1300 mm&

178 1331 317 1405 LXVI.
351 1334 601 1408 Demonstraut
625 1332 712 1408 haec
752 1336 868 1410 omniu
893 1333 996 1436 (exv
1013 1332 1060 1435 ),

22 1553 25 1558 ,
75 1452 221 1526 vascula
246 1453 468 1549 procedentia
494 1453 540 1528 ab
564 1453 799 1555 aquaeductus
824 1455 990 1532 vestibuli
1006 1481 1067 1530 ca·

54 1573 187 1644 'ritate
214 1598 341 1648 venosa
368 1599 474 1664 esse,
502 1599 618 1678 exque
644 1581 717 1675 ejus
758 1578 897 1677 generis
933 1578 1064 1668 venis,

77 1718 225 1790 quarum
251 1721 271 1766 a
297 1695 413 1768 caveis
438 1697 542 1794 origo
569 1710 646 1789 est,
678 1696 785 1798 vulgo
801 1695 1066 1771 inhalantibus

76 1814 297 1888 nominatis.
328 1815 491 1888 Dubitari
514 1841 667 1914 namque
703 1838 772 1887 uon
808 1829 951 1914 potest,
977 1817 1066 1916 quin

80 1931 212 2008 humor
238 1936 273 2008 in
300 1933 568 2007 membraneum
603 1935 839 2036 aquaeductus
877 1939 1065 2014 cavitatem
1119 1926 1122 1938 ’

78 2049 284 2152 depositus,
312 2079 374 2150 per
401 2052 463 2128 lras
488 2053 631 2127 venulas
655 2053 845 2155 abreptus,
885 2054 1066 2131 lateralem

80 2173 288 2274 proximum
314 2185 410 2270 petat
433 2173 549 2246 sinum
561 2169 668 2244 durae
694 2171 826 2244 matris.
856 2171 945 2248 Sunt
962 2175 1068 2247 etiam

83 2317 126 2367 ex
153 2289 452 2392 lymphaticarunr
475 2313 604 2390 genere
621 2315 727 2364 venae
742 2292 852 2384 istae,
880 2294 961 2392 quin
975 2292 1071 2392 lym·

81 2410 190 2511 pham
217 2409 360 2501 serunt,
388 2409 448 2482 sed
474 2407 652 2500 valvulis,
682 2423 853 2509 quantum
878 2413 977 2510 potui
1019 2410 1066 2485 ad

82 2531 178 2606 hune
220 2527 317 2604 diem
358 2533 553 2631 perspicere
594 2527 811 2621 destitutae,
839 2533 921 2631 quia
947 2535 991 2606 io
1016 2530 1071 2605 his

86 2651 282 2727 mercurius
308 2651 399 2726 itum
423 2675 486 2751 pro
511 2649 654 2744 lubitu,
682 2651 903 2755 reditumque
928 2651 1071 2728 facilem

86 2773 239 2848 obtinet.
268 2770 448 2844 Habentur
472 2794 559 2870 ergo
584 2771 621 2842 io
641 2769 694 2843 his
721 2769 819 2863 duo,
847 2773 1021 2870 primum,
1039 2770 1069 2844 si

86 2916 159 2967 uon
185 2889 297 2980 alies,
323 2901 420 2962 certe
444 2887 506 2962 has
531 2903 646 2962 tamen
662 2889 896 2990 lymphaticus
920 2894 958 2966 iu
983 2891 1069 2966 dura

87 3024 201 3088 matre
214 3031 288 3082 esse
302 3011 444 3086 venulas
463 3036 474 3084 s
503 3007 655 3083 alterum
673 3062 685 3101 ,
704 3008 999 3109 lymphaticarnm
1013 3033 1074 3082 ve·

86 3156 214 3204 aarum
241 3152 316 3202 esse
353 3129 460 3201 finem
487 3131 593 3204 etiam
633 3129 668 3202 in
695 3131 792 3203 venis
834 3128 1072 3228 saoguileris,

87 3247 185 3349 quod
210 3249 295 3322 alias
321 3253 466 3350 egregie
491 3251 526 3323 in
553 3249 746 3323 ventriculo
767 3241 1069 3341 ‚intestinis,etc.

93 3372 349 3456 demonstravit
373 3370 606 3446 Berolioensis
631 3371 888 3460 Anatoru‘icus,
912 3395 980 3444 uon
999 3371 1077 3446 abs·

104 3516 174 3592 que
200 3514 328 3590 magna
355 3490 459 3566 laude
496 3489 768 3584 memorandus,
803 3492 839 3568 J.
882 3488 1082 3566 Fridericus

93 3610 281 3686 Metelius.
310 3608 366 3710 (c)

97 3888 140 3981 (c)
111 3888 199 3956 cln
220 3887 426 3960 dissertatione
441 3889 572 3986 Epistol.
617 3897 655 3962 sis
678 3891 936 3990 lymphaticiretc.
940 3891 1077 3964 Berolio

137 3997 176 4069 ad
198 3995 248 4067 lll
275 3995 490 4072 {tolleranda
523 3999 720 4096 va·1757.
1004 4021 1029 4074 t·
