2756 4874
519 433 636 526 (⁸³)

91 561 378 708 reliquarumque
404 543 567 704 partium·
585 599 776 702 labyrinthi
803 605 959 702 positum
983 591 1079 680 inve·

94 726 300 828 stigandum
326 723 525 814 accedant,
552 750 662 824 qnam
703 727 848 824 proprio
884 729 1004 800 omnia
1042 729 1081 800 iu
1124 733 1128 747 '
1251 739 1254 747 '

92 849 162 919 situ
190 841 482 944 contemplando.
512 841 608 916 Nam
635 843 733 946 quod
759 844 936 918 canalium
979 846 1084 919 semi·

92 965 321 1040 circularium
348 991 481 1054 usum,
510 991 648 1066 quem,
687 965 751 1038 nisi
791 965 894 1063 plura
932 993 994 1039 nos
1019 966 1084 1040 fat-

91 1083 170 1157 luot
190 1136 202 1171 ,
230 1083 325 1157 sacili
349 1083 535 1156 ratiocinio
561 1083 607 1154 ab
623 1086 697 1182 ipsa
715 1098 836 1156 natura
854 1083 1084 1172 deduximus,

93 1201 263 1309 adhunc
288 1199 385 1276 diem
411 1203 652 1302 ignoraverint
693 1205 920 1290 Anatomici,
950 1231 993 1280 ex
1036 1231 1078 1278 eo

93 1323 243 1424 quidem
265 1324 402 1426 ⁴lactum
428 1337 481 1397 est
498 1357 522 1414 ,¹
550 1321 648 1426 quod
684 1322 928 1423 labyrinthum
955 1352 974 1396 a
1011 1323 1083 1397 cal·

95 1448 215 1520 variae
241 1446 319 1518 basi
345 1459 549 1547 separatum
575 1444 643 1518 sibi
685 1455 766 1516 ante
791 1443 914 1518 oculos
952 1471 1083 1544 propo·

97 1571 245 1641 suerint.
274 1568 349 1644 Nos
374 1593 459 1644 vero
486 1591 569 1640 cum
596 1569 631 1639 in
659 1565 750 1656 aliis,
769 1578 847 1638 tum
863 1567 900 1637 in
919 1564 973 1639 his
988 1590 1088 1662 prac-

97 1691 198 1788 cipne
224 1688 399 1790 partibus,
427 1688 560 1789 absque
586 1688 658 1761 ulla
686 1686 814 1760 erroris
856 1689 1086 1786 suspicione,

102 1806 420 1906 contemplandis,
448 1833 504 1880 res
530 1807 624 1905 ipsas
650 1807 799 1907 proprio
823 1808 860 1878 in
879 1809 946 1880 situ
974 1809 1092 1906 inspe-

98 1945 194 2002 ctare
220 1932 486 2004 consuevimus.
515 1927 574 2000 Ad
593 1955 698 2030 quem
715 1925 874 2026 prolecto
902 1929 1012 2002 finem
1026 1927 1091 2000 diu

97 2065 164 2140 est,
184 2051 281 2150 quod
296 2051 330 2122 in
347 2050 487 2151 integra
499 2049 672 2124 calvariae
698 2047 773 2121 basi
790 2047 983 2148 labyrinthi
1011 2074 1090 2146 par-

97 2182 149 2240 tes
176 2193 301 2241 omncs
327 2168 556 2250 deteximus,
585 2183 621 2241 et
646 2193 768 2242 sumus
792 2169 975 2246 meditati.
1005 2169 1090 2242 Sine

99 2293 198 2390 cujus
224 2291 496 2390 praeparationis
523 2291 715 2390 praesentia
735 2344 745 2379 ,
763 2289 913 2361 minime
950 2287 1091 2362 dubita·

99 2438 180 2487 mus
199 2461 215 2502 ,-
238 2412 327 2512 quin
353 2411 490 2484 ludicra
516 2412 633 2508 potius
651 2466 662 2499 ,
680 2410 876 2510 fictitiaque
902 2408 1090 2509 judicanda

101 2533 170 2606 sint
192 2535 342 2622 omnia,
372 2557 461 2634 quae
486 2531 531 2602 de
558 2533 736 2605 canalium
765 2531 878 2604 officio
917 2531 1093 2607 recensui·

100 2681 193 2728 mus.
226 2652 303 2726 Nec
330 2667 383 2728 est
408 2679 472 2726 cur
497 2654 684 2756 quisquam
701 2666 801 2752 putet
817 2709 829 2743 ,
848 2651 1092 2754 labyrinthum

102 2775 147 2846 ab
175 2799 254 2848 osse
281 2787 508 2865 extractum,
535 2775 678 2875 qualem
704 2775 907 2874 frequenter
952 2787 1092 2850 servant

101 2896 415 2997 demonstrantqne
442 2897 656 2982 Anatnmici,
672 2895 772 2969 lacile
798 2923 900 2999 possa
926 2897 963 2970 in
993 2911 1093 2970 natu·

101 3017 164 3088 rali
190 3014 388 3090 directione
413 3014 603 3090 collocari.
634 3014 728 3087 Nam
754 3013 820 3089 hnc
840 3013 1094 3088 difficillimum

101 3161 175 3207 esse
203 3135 229 3206 ii
257 3132 358 3205 facilc
385 3137 635 3232 experientur,
664 3137 724 3236 qui
755 3135 945 3208 selectumr
969 3157 1095 3234 quem·

103 3251 190 3324 libet
217 3251 412 3351 labyrinthi
441 3255 587 3342 situm,
615 3279 697 3328 cum
726 3257 767 3327 'co
794 3257 1096 3355 comparaverint,

55 3355 59 3358 ¹
104 3395 211 3471 quem
238 3369 335 3444 idem
363 3373 400 3445 in
429 3375 566 3472 integra
601 3375 772 3450 calvariae
813 3373 888 3448 basi
936 3355 1097 3450 detectus

104 3495 193 3566 nolet
239 3492 421 3566 exhibere.
460 3493 645 3569 Lubenter
688 3520 774 3572 vero
813 3497 966 3570 latemur
991 3493 1096 3595 hujus

104 3616 382 3716 praeparationis
410 3614 552 3690 laudem
580 3643 724 3690 omnem
756 3617 842 3690 Viro
869 3617 1036 3702 lllustri,
1063 3631 1099 3690 et

105 3735 377 3836 incomparabili
403 3737 581 3839 inprimis
606 3739 831 3829 Anatomico,
859 3739 987 3814 Jonnni
1003 3739 1098 3837 Bap-

106 3858 207 3929 tistae
233 3857 434 3957 Morgagno
465 3881 539 3930 esse
564 3855 815 3951 referendam,
834 3862 906 3962 ·qui
934 3857 1093 3959 primns,

108 3979 204 4080 quod
231 3979 363 4070 sciam,
394 3981 585 4074 omnium,
627 3980 661 4054 in
700 3981 900 4058 adultorum
937 3976 1105 4060 calvariis.

745 4105 763 4146 2
