2790 4872
152 829 154 836 Ι
232 529 626 814 nonuntttit
655 529 1045 814 dontnntt

518 993 765 1078 vlnu-

482 1286 784 1354 -οθο-ν

245 1597 467 1730 Donrnrcus
491 1650 711 1744 Careamus,
728 1651 834 1726 Ruhis
859 1649 976 1749 (nnnc
991 1649 1126 1751 Ruuo)

142 1771 180 1846 in
204 1772 333 1848 Daunia
350 1830 366 1867 ,Ι
387 1774 495 1871 Regni
516 1745 708 1870 neapolitani
732 1771 900 1886 provincia
917 1769 1125 1867 ingeniorum

143 1893 338 1966 feracissima
357 1949 367 1986 ‚
385 1907 507 1994 quarto
534 1891 698 1964 Kalendas
729 1881 867 1984 lllartii,
896 1893 972 1964 anni
1002 1891 1128 1993 1736,

143 2009 285 2084 honesto
302 2037 421 2110 genere
437 2025 531 2084 ortus
548 2024 608 2082 cst.
620 2010 760 2080 ineunte
777 2022 880 2080 aetate
904 2035 1059 2108 maguam
1076 2009 1126 2078 in-

140 2129 226 2226 genii
253 2131 322 2202 vim
347 2129 518 2202 ostendit:
546 2127 765 2229 quamobrem
798 2130 910 2226 positis
935 2129 1028 2200 domi
1054 2129 1121 2224 pri-

140 2248 204 2319 mis
228 2245 345 2320 latinae
369 2247 497 2346 linguae
523 2246 716 2321 rudimentis
732 2267 746 2340 ,'
781 2250 838 2322 vix
872 2275 1000 2322 nouum
1022 2250 1125 2320 attin·

143 2391 221 2463 gens
246 2393 370 2440 annum
396 2369 534 2458 aetatis,
563 2393 582 2437 a
606 2381 698 2464 patre
734 2367 872 2442 Barium
906 2371 1023 2443 minus
1048 2383 1124 2459 est,

81 2470 88 2504 ¹
143 2499 180 2556 ut
205 2486 242 2556 iu
266 2485 502 2563 humaniorum
528 2487 709 2560 litterarum
746 2488 923 2587 disciplinis
952 2491 1127 2590 perlicere·

148 2621 202 2678 tur
218 2663 227 2678 .
245 2607 300 2679 Ihi
316 2607 410 2682 brevi
436 2623 582 2707 tempore
606 2611 641 2680 io
667 2607 984 2708 tantum'profecit,
1012 2625 1048 2684 ut
1065 2635 1126 2684 suo

147 2740 285 2819 marte,
320 2753 444 2828 suaque
469 2728 628 2802 industria
660 2743 694 2802 et
728 2729 867 2804 Homeri
907 2729 1054 2830 linguam
1079 2734 1130 2804 in·

151 2847 322 2946 terpretari
354 2861 488 2921 conatus
520 2851 590 2936 sit3
620 2875 680 2922 ncc
706 2849 860 2948 deinceps
887 2877 1036 2950 unquam
1069 2849 1128 2922 de-

148 2970 229 3040 stitit
255 2970 289 3039 in
326 2966 414 3042 hisce
457 2969 744 3043 exercitationibus
767 2973 887 3042 versari
924 2985 1027 3044 aetate
1062 2973 1132 3068 jam

147 3099 304 3184 provecta
332 3112 342 3156 t
377 3113 523 3188 eumque
563 3114 604 3160 ex
645 3087 799 3161 cathedra
815 3179 820 3192 ¹
835 3091 963 3188 saepius
1001 3089 1134 3164 audito-

150 3231 202 3276 res
227 3187 309 3303 ejus¹
326 3205 544 3281 inculcantem
568 3233 726 3307 excepere
760 3205 841 3280 illud
865 3207 1016 3280 Horatii:
1053 3209 1132 3282 Vos

147 3328 380 3426 exemplaria
411 3353 547 3426 graeca
580 3327 778 3404 Nocturna
804 3344 945 3404 versate
982 3356 1128 3422 marcu,

155 3465 298 3522 versate
323 3451 469 3524 diurna.

250 3569 293 3641 In
327 3569 474 3642 Patriam
498 3595 676 3656 reversus,
719 3571 865 3667 primum
893 3569 1133 3668 philosophiam

148 3701 182 3759 et
207 3685 393 3760 matheseos
407 3689 564 3785 principia
578 3687 713 3760 edidicit
728 3715 741 3778 ,·
760 3716 839 3762 mox
864 3689 982 3762 deinde
1000 3689 1136 3760 medici·
1244 3695 1249 3706 “

146 3833 228 3879 nam
254 3804 388 3880 adivit.
421 3806 549 3880 Verum
582 3809 680 3880 sensit
706 3811 862 3882 continno
897 3809 1002 3882 natale
1037 3813 1132 3907 oppi-

147 3927 232 4000 dum
259 3925 352 4000 haud
377 3927 454 4000 satis
491 3927 627 4004 subsidii
653 3927 715 4000 sihi
749 3929 1063 4030 suppeditaturum,
1091 3929 1133 4002 ad

147 4045 316 4120 medicam
341 4059 447 4120 artem
477 4048 538 4118 rite
563 4045 825 4146 adipiscendam:
852 4077 954 4152 quare
978 4048 1134 4126 omnihus

819 4171 832 4204 ἡ
