2760 4874
526 447 664 542 (¹9³)

99 625 216 706 civilis
242 623 334 700 vitae
358 621 563 696 oeconomia
591 615 703 719 posita
729 637 812 702 ara,
838 635 926 718 quae
967 617 1079 694 virto-

91 765 167 824 tem
192 749 232 821 in
256 743 383 818 animis
406 739 595 816 homiuum
618 738 775 830 excitet,
812 762 904 837 quae
938 740 1078 814 animos

97 865 285 966 paullatim
309 857 466 947 alliciat,
493 872 530 935 et
557 858 691 957 capiot3
720 867 757 928 et
780 871 952 957 concepto
993 883 1081 958 quo·

90 985 174 1060 dam
200 984 365 1081 impeto,
401 979 555 1068 incitet,
580 989 686 1077 atque
709 971 829 1074 adigat
852 997 914 1047 sua
955 991 1080 1074 sponte

94 1105 134 1174 in
160 1101 299 1176 virtutis
327 1110 438 1172 castra
463 1096 637 1170 transire:
675 1118 745 1193 qua
784 1091 972 1194 neglecta,
1009 1097 1081 1194 pri·

94 1222 165 1297 vati
190 1231 335 1294 conatus
361 1243 487 1317 parum
513 1216 659 1290 omnino
683 1211 864 1290 valebunt.
889 1213 935 1286 Id
959 1229 1081 1290 autem

94 1354 148 1415 est
174 1345 214 1414 io
239 1341 338 1414 omni
364 1337 454 1412 bene
470 1338 628 1412 instituta
642 1335 810 1410 societate
827 1337 1076 1436 praecipuum,

94 1460 270 1536 naturales
293 1456 477 1532 hominum
503 1455 646 1530 affectus
670 1454 720 1528 ita
761 1452 936 1546 incitare,
979 1466 1017 1526 ut
1041 1456 1077 1528 in

95 1599 290 1654 commune
315 1575 479 1668 bonum,
507 1576 582 1648 sine
607 1599 678 1675 quo
706 1574 839 1672 privata
877 1571 972 1646 nulla
1015 1599 1080 1674 po·

92 1721 161 1782 test
187 1733 263 1782 esse
289 1702 551 1806 tranquillitas,
578 1727 642 1778 sua
661 1717 786 1804 sponte
802 1704 980 1780 nitantur.
1000 1704 1079 1779 Soi-

94 1828 177 1904 licet
199 1887 212 1922 ,
237 1827 299 1900 ubi
324 1828 388 1900 istu
412 1823 600 1916 obtinent,
627 1824 738 1902 virtus
765 1821 888 1910 valet,
914 1839 951 1897 et
963 1821 1080 1898 homi·

94 1971 158 2022 nes
182 1943 273 2019 nihil
297 1956 459 2042 spectant
481 1941 608 2033 aliod,
634 1967 741 2040 quam
766 1941 881 2015 colere
896 1955 988 2015 artes
1013 1943 1078 2014 bo·

90 2091 152 2140 nas
169 2107 191 2157 ,›
211 2075 248 2137 et
271 2066 401 2166 ingenii
428 2061 671 2139 excellentiam
695 2059 741 2134 ad
765 2063 859 2139 vitae
882 2064 1076 2138 commoda

90 2185 304 2279 traducere,
331 2198 438 2288 atque
460 2187 497 2258 io
521 2181 560 2258 id
584 2181 788 2256 adlaborare
805 2197 872 2273 ,ut
895 2209 980 2256 cum
996 2183 1074 2257 lau·

88 2305 171 2399 dis,
199 2321 234 2382 et
259 2305 392 2408 gloriae
417 2303 655 2381 emolumento
681 2301 858 2406 quidquid
886 2305 962 2382 aeri
987 2332 1075 2380 cou-

90 2428 214 2528 tigerit
238 2426 462 2526 transigatur.

191 2543 281 2618 ΧΠ.
307 2545 386 2620 Hoc
412 2542 545 2644 triplici
568 2566 650 2618 aere
684 2555 808 2644 pectus
849 2547 1019 2620 succincti
1044 2546 1076 2620 si

89 2663 283 2762 sapientiae
307 2664 498 2738 sacrarium
530 2662 741 2758 adiueritis,
769 2665 926 2766 spondeo
973 2667 1076 2744 vobis

91 2781 373 2876 Adulescentes,
398 2809 464 2860 vos
498 2799 681 2877 uestram,
720 2810 786 2862 uos
826 2791 958 2886 patriae
997 2790 1079 2892 glo-

90 2903 183 2978 riam
209 2905 347 3004 maguis
384 2902 633 2978 additamentis
674 2919 867 2980 aucturus.
911 2909 1006 2983 Nam
1047 2909 1078 2980 si

92 3022 319 3098 meditationi
343 3019 603 3113 assuescendo,
642 3022 750 3097 fidam
788 3027 925 3100 veritati
960 3049 1078 3100 serva-

88 3141 238 3232 veritis3
266 3141 295 3215 si
320 3143 477 3242 ingentia
498 3197 508 3232 ,
533 3141 665 3243 quibus
690 3142 937 3233 abundamus,
964 3147 1078 3221 virtu·

89 3261 137 3335 tis
163 3261 321 3362 exempla
346 3259 548 3353 imitando,
574 3262 715 3338 nullom
740 3267 925 3366 posueritis
965 3269 1076 3342 virtu·

89 3383 118 3453 ti
143 3379 322 3472 modum,
349 3391 386 3456 et
410 3383 598 3482 sapientiae
622 3382 763 3462 cultum
789 3395 959 3484 tanquam
987 3385 1076 3459 vitae

93 3501 202 3574 totius
229 3505 493 3602 occupationem
516 3501 734 3592 habueritis3
760 3517 931 3604 quantum
957 3502 1077 3578 humi-

91 3622 130 3692 ni
157 3645 295 3720 sperare
320 3623 371 3696 las
394 3637 474 3712 est,
502 3634 640 3698 tantum
665 3623 842 3700 felicitatis
881 3625 1073 3700 tenebitis.

90 3735 308 3813 Mementote
341 3766 406 3817 uos
447 3739 581 3834 Italos,
623 3769 736 3844 genus
772 3746 998 3843 sapientum
1038 3758 1076 3818 et

89 3853 372 3936 admemoriam
398 3859 545 3962 originis
569 3876 707 3938 uestrae
732 3861 881 3936 attollite
919 3885 1073 3963 genero·

90 3999 149 4052 sos
174 3975 260 4054 istos
284 3980 451 4078 animos,
480 3994 594 4085 etque
620 3982 666 4060 ad
693 3984 812 4062 omnis
838 4007 968 4086 magua
1011 4009 1072 4056 na-
