2756 4874
696 424 868 533 ’(68)

315 629 467 694 struunt.
496 615 617 690 Durat.
635 623 754 684 antem
779 606 869 707 septi
893 605 1125 702 convexitas,
1143 607 1300 711 quaudiu

307 747 432 814 manet
455 747 569 833 stapes
593 733 686 804 intra
710 726 924 802 vestibulum
952 722 1157 824 impulsus,
1183 725 1221 800 id
1247 743 1303 802 est

308 855 466 960 quandiu
491 855 593 928 unius
618 849 732 924 undae
758 869 906 921 sonorae
930 846 967 918 in
995 847 1159 947 tympani
1184 871 1301 925 mem·

308 979 457 1053 branam
482 979 573 1050 actio
598 972 714 1050 durat.
741 968 843 1060 Quae
869 993 951 1042 sane
966 967 1133 1055 duratio,
1151 970 1217 1042 etsi
1230 996 1301 1070 pro

308 1094 511 1171 diversitate
536 1115 704 1168 sonorum
741 1091 838 1164 uaria
875 1087 947 1178 sit,
989 1087 1141 1162 minimo
1181 1103 1303 1166 tamen

308 1229 470 1316 tempore
495 1211 638 1288 videtur
662 1206 811 1283 absolvi.
840 1201 1051 1282 convexitas
1077 1231 1166 1308 ergo
1207 1209 1302 1313 septi

309 1331 470 1430 (xrxrx)
495 1330 644 1404 minimo
668 1339 828 1426 ternpore
853 1325 1014 1426 persistet
1028 1349 1040 1411 ;
1067 1339 1103 1399 et
1127 1328 1300 1426 quemad·

306 1451 459 1527 modum
484 1477 527 1525 eo
552 1465 739 1550 tempore,
765 1473 837 1546 quo
862 1443 980 1518 undae
1012 1471 1160 1520 sonorae
1201 1453 1299 1524 actio

306 1571 441 1664 desiit,
470 1574 631 1672 tympani
658 1569 893 1657 membrana,
913 1579 948 1637 et
962 1582 1078 1667 stapes
1104 1571 1212 1644 situm
1227 1571 1299 1670 pri.

306 1695 440 1768 stinum
466 1705 678 1781 resumunt,
707 1692 755 1762 ita
782 1701 921 1786 septum
947 1688 982 1762 in
1014 1685 1155 1786 planam
1173 1717 1298 1791 supet.

304 1815 426 1888 ficiem
452 1811 607 1912 (ψη)
632 1810 771 1884 restitui
797 1807 904 1882 debet
921 1821 996 1900 ,fet
1028 1835 1139 1884 norae
1164 1813 1298 1913 impul·

307 1935 399 2009 sinui
427 1931 656 2033 accipiendae
673 1933 883 2034 praeparari.

404 2050 507 2128 XLI.
537 2050 676 2126 isthaec
710 2066 826 2124 tamen
868 2049 1075 2141 restitutio,
1118 2064 1295 2152 quantum

293 2174 463 2276 ,rympani
489 2171 744 2256 membranae,
773 2178 841 2270 pro
864 2169 1020 2244 maxima
1049 2197 1121 2272 qun
1161 2174 1295 2272 gaudet

301 2297 490 2383 tensione,
517 2290 687 2366 facillima
712 2304 794 2380 est,
821 2301 961 2364 tantum
987 2303 1087 2387 septo
1115 2311 1293 2380 nervoso,

300 2418 447 2518 propria
470 2415 630 2500 virtute,
658 2410 890 2509 impossibilis
916 2409 1046 2494 evadit.
1065 2410 1176 2482 Molle
1193 2439 1293 2486 nam·

300 2561 373 2638 que
399 2532 465 2608 boc
492 2545 545 2606 est
569 2529 756 2631 (sxvrr),
784 2555 901 2632 neque
928 2531 1037 2608 situm
1054 2541 1168 2628 potest
1184 2555 1291 2606 snum

185 2711 188 2716 ·
301 2650 512 2730 ullomodo
538 2675 700 2743 seruare,
727 2649 795 2724 nisi
819 2647 1050 2750 aequabiliter
1076 2651 1292 2726 sustineatur

299 2772 346 2846 ab
373 2797 462 2873 aqua
483 2784 676 2868 ,utramque
701 2765 866 2842 vestibuli
891 2793 1037 2844 caveam
1053 2765 1287 2866 adimplente.

297 2889 401 2966 Adeo
429 2900 469 2960 ut
492 2889 528 2960 in
554 2889 690 2960 recenti
715 2885 946 2985 labyrintho,
976 2888 1005 2960 si
1030 2885 1227 2988 quidquam
1245 2889 1290 2962 ab

297 3009 464 3086 auteriori
491 3006 640 3079 cavitate
665 3031 775 3108 aquae
808 3005 1032 3107 dempseris,
1075 3007 1141 3080 etsi
1183 3006 1292 3106 plena

294 3129 470 3228 posterior
496 3125 573 3215 sit,
602 3151 723 3200 versus
747 3127 874 3202 faciem
900 3141 1019 3200 tamen
1062 3125 1195 3202 ossium
1232 3155 1290 3204 ca·

295 3249 416 3326 vitatis
440 3244 601 3346 ejusdem
626 3259 767 3350 septum
792 3246 978 3336 declinat,
1015 3271 1129 3348 neque
1167 3249 1291 3349 pristi-

294 3404 361 3454 nae
385 3365 584 3438 restituitur
612 3364 794 3466 plnpitiei,
839 3369 909 3441 uisi
942 3363 1086 3468 dempta
1126 3364 1288 3442 humoris
1369 3359 1370 3370 ¹

293 3509 476 3604 quantitas
501 3508 540 3580 in
565 3501 776 3578 anteriorem
801 3488 924 3564 redeat
964 3489 1165 3564 catilalem·
1209 3489 1286 3566 Sed

295 3621 574 3702 demonstratum
602 3635 655 3694 est
680 3609 836 3716 (xxxix)
855 3663 867 3701 ,
884 3621 985 3708 septo
1011 3605 1286 3706 impulsionibus
1364 3667 1368 3674 .

163 3827 167 3842 ,
294 3745 449 3848 stapedis
477 3746 654 3832 cedente,
683 3732 822 3840 aliquid
855 3728 995 3806 excerni
1035 3725 1196 3804 humoris
1238 3733 1285 3806 ab

286 3869 458 3946 auteriori
483 3868 667 3948 cavitate:
692 3884 765 3936 non
791 3856 933 3958 igitur,
960 3848 1086 3928 nisi‘is
1123 3849 1284 3950 perditus
